2293 3650
1073 235 1112 294 3

227 410 348 452 mos
397 395 467 448 ad
504 392 729 446 fortiter
767 389 1126 464 pugnandum
1156 388 1517 452 excitaverat,
1562 404 1702 457 quae
1738 386 1958 457 διχοστα-

223 477 452 537 σιαστικά
491 481 726 552 appellat
764 479 975 531 Strabo.
1048 476 1420 547 Hinc-Horat.
1448 493 1617 527 carm.
1655 475 1731 538 II,
1769 476 1851 541 15,
1875 476 1959 528 26.

222 574 296 620 Et
333 580 382 617 te
420 580 696 618 sonantem
721 571 934 634 plenius
961 583 1142 623 aureo,
1183 565 1408 622 Alcaee,
1440 565 1641 626 plectro
1680 565 1820 612 dura
1859 582 1960 611 na-

224 661 336 717 vis,
387 660 547 706 Dura
574 657 758 721 fitgae
796 657 970 711 mala,
1024 651 1160 698 dura
1211 649 1346 696 belli.
1465 651 1752 716 Utramque
1805 668 1959 698 sacro

223 745 394 809 digna
430 745 640 791 silentio
676 746 954 794 Mirantur
998 739 1216 786 umbrae
1256 735 1460 792 dicere5
1509 738 1603 782 secl
1636 738 1820 800 magis·
1847 738 1960 783 Pu-

216 848 362 893 gnas·
407 840 458 876 et
506 841 721 878 exactos
782 839 1034 892 tyrannos
1083 827 1318 872 Densum
1365 821 1597 868 humeris
1647 821 1783 868 bibit
1830 840 1958 869 aare

219 917 424 981 vulgus,
498 913 625 981 Quo
676 911 976 984 respiciens
1016 908 1205 978 Quint.
1243 907 1321 970 X,
1364 923 1409 966 1,
1448 906 1533 958 65.
1570 908 1829 966 Alcaeus,
1866 905 1957 956 in-

219 1002 350 1069 quit,
382 1007 440 1050 in
465 1012 631 1065 parte
659 1005 834 1065 operis
872 1020 1034 1049 aureo
1070 1000 1273 1063 plectro
1310 997 1494 1043 merito
1523 994 1770 1053 donatur,
1824 995 1956 1059 quia

219 1101 473 1153 tyrannos
523 1092 814 1136 insectatus
863 1090 1081 1136 multum
1129 1089 1292 1132 etiam
1342 1066 1575 1130 mo'ribas
1611 1080 1820 1143 confert
1851 1080 1955 1140 ¹0).

216 1172 431 1224 Eodem
483 1173 785 1245 praecipue
833 1182 1074 1244 spectare
1127 1169 1345 1221 videtur
1382 1165 1651 1217 iudicium
1697 1163 1958 1233 Dionysii

213 1258 394 1313 Helie.
444 1261 540 1331 qui
588 1260 1052 1331 magnificentiam
1100 1277 1163 1310 ac
1214 1254 1570 1314 brevitatem,
1632 1250 1956 1302 suavitatem

215 1364 343 1399 cum
391 1367 606 1401 summa
643 1349 730 1414 vi,
785 1348 991 1400 formas
1043 1356 1096 1398 et
1144 1343 1344 1414 figuras
1396 1359 1519 1391 cum
1569 1338 1956 1411 perspicuitate

215 1435 531 1488 coniunctas
547 1475 562 1500 ,
622 1436 899 1508 imprimis
938 1430 1414 1485 accommodatum
1463 1428 1529 1479 de
1568 1427 1729 1478 rebus
1777 1425 1958 1477 civili-

215 1521 314 1574 bus
353 1523 572 1576 dicendi
608 1543 777 1594 genus
829 1523 887 1574 in
935 1541 999 1575 eo
1048 1519 1237 1572 laudat
1269 1516 1364 1584 ¹¹).
1438 1514 1583 1569 Aliis
1623 1512 1956 1564 carminibus

214 1610 602 1661 conviviorum
617 1610 1010 1661 iucunditatem
1030 1607 1428 1667 celebraverat3
1466 1602 1531 1653 ad
1550 1619 1687 1670 quae
1709 1608 1954 1671 spectare

212 1696 448 1757 videtur,
487 1697 634 1763 quod
663 1694 986 1746 Athenaeus
1013 1701 1203 1744 narrat
1239 1690 1332 1743 lib.
1357 1689 1434 1740 X.
1473 1706 1528 1757 p.
1561 1687 1683 1757 429.
1711 1687 1785 1739 A.
1828 1704 1955 1737 eum

211 1778 477 1848 μεθύοντα
524 1782 770 1832 carmina
818 1797 915 1830 sua
974 1777 1277 1847 scripsisse,
1341 1774 1488 1842 quod
1544 1773 1692 1824 idem
1754 1771 1952 1824 Horat.

210 1869 383 1942 Epist.
421 1871 466 1934 Ι,
509 1887 589 1939 19,
624 1866 675 1919 4.
714 1866 767 1920 5.
808 1866 875 1918 de
913 1864 1198 1924 Homer0‚
1247 1859 1617 1924 Enniosaliis
1642 1861 1955 1924 'memorat3

208 1958 286 2011 ita
333 1957 402 2010 de
434 1955 645 2010 Alcaeo
695 1953 858 2006 etiam
910 1953 1083 2014 valet,
1138 1948 1286 2019 quod
1325 1947 1652 2001 Athenaeus
1697 1943 1835 1998 ibid.
1887 1947 1955 1998 de

211 2045 569 2099 Anacreonte
616 2043 772 2104 dicit,
833 2036 913 2096 ὅτι
956 2035 1129 2104 νήφων
1175 2039 1230 2088 ἐν
1280 2038 1348 2102 τῷ
1397 2030 1602 2102 γράφειν
1636 2031 1722 2084 καὶ
1757 2031 1957 2101 ἀγαθὸς

212 2130 285 2184 ὧν
333 2137 691 2200 προσποιεῖται
727 2126 969 2194 μεθύειν,
1014 2124 1106 2177 οὐκ
1144 2121 1297 2190 οὕσης
1328 2119 1559 2188 ἀνάγκης.
1650 2120 1711 2169 [n
1749 2120 1955 2171 carmi-

210 2219 371 2272 nibus
409 2217 784 2270 convivalibus
822 2224 978 2266 erant
1015 2208 1216 2273 σκόλια,
1255 2227 1364 2278 quo
1402 2225 1603 2278 genere
1638 2205 1817 2275 poesis
1855 2224 1954 2257 ex-

211 2306 458 2359 celluisse
489 2304 763 2358 Alcaeum
803 2313 858 2356 et
895 2300 1308 2354 Anacreontem
1338 2295 1543 2346 iudicat
1579 2292 1788 2345 Athen.
1816 2292 1954 2344 XV.

209 2413 263 2467 p.
304 2395 423 2466 695.
461 2392 523 2445 F.
595 2393 718 2446 Nec
766 2398 974 2464 pugnat
1020 2387 1126 2439 hoc
1175 2403 1302 2437 eum
1339 2401 1433 2444 e0,
1490 2380 1637 2450 quod
1671 2379 1769 2432 alii
1804 2378 1953 2432 iudi-

273 2607 343 2662 ιο)
385 2605 461 2651 Ad
493 2607 603 2650 haec
644 2607 840 2650 carmina
878 2605 1105 2660 pertinere
1135 2608 1251 2653 puto
1292 2595 1659 2653 navigationem,
1704 2593 1830 2649 quod
1860 2608 1956 2636 car-

327 2696 435 2725 men
477 2684 701 2735 scriptum
739 2679 793 2721 ab
833 2676 1004 2719 Alcaeo
1045 2681 1229 2716 narrant
1267 2669 1571 2725 Porphyrion
1613 2676 1657 2710 et
1698 2667 1857 2710 Acron
1901 2667 1954 2709 ad

330 2756 448 2798 Hor.
479 2755 621 2799 Carm.
655 2755 721 2804 ΙΙ,
757 2753 823 2794 13.
859 2750 911 2794 cf¹
946 2750 1002 2792 fr.
1033 2747 1165 2792 XVI.

276 2846 345 2893 11)
380 2842 517 2884 Tom.
540 2841 604 2883 V.
633 2853 680 2894 p.
708 2840 812 2880 421.
844 2837 914 2880 ed.
945 2836 1111 2878 Reiske
1141 2831 1207 2886 (p.
1225 2829 1293 2886 69.
1326 2829 1393 2872 ed.
1412 2824 1624 2879 NVech.):
1656 2819 1870 2867 Ἀλκαίου
1908 2818 1955 2865 δὲ

326 2909 490 2957 σκόπει
534 2911 586 2956 τὸ
629 2909 909 2969 μεγαλοφυὲς
955 2914 1032 2951 καὶ
1061 2903 1236 2963 βραχὺ,
1278 2907 1353 2945 καὶ
1395 2896 1479 2955 ἡδὺ
1519 2895 1636 2954 μετὰ
1680 2893 1952 2949 δεινότητος’,

327 2987 396 3029 ἔτι
427 2983 473 3028 δὲ
506 2983 609 3029 τούς
638 2979 977 3039 σχηματισμοὺς
1005 2977 1122 3036 μετὰ
1154 2979 1426 3033 σαφηνείας,
1472 2969 1577 3016 ὅσον
1619 2964 1764 3025 αὐτῆς
1792 2965 1857 3023 μὴ
1890 2961 1961 3025 τῇ

330 3057 552 3115 διαλέκτῳ
593 3075 640 3102 τι
679 3052 962 3100 κεκάκωται·
1015 3058 1092 3096 καὶ
1129 3049 1217 3106 πρὸ
1251 3047 1471 3092 α’ποίντων
1497 3043 1550 3089 τὸ
1586 3040 1678 3088 τοῖν
1705 3036 1953 3084 πολιτικῶν

329 3129 617 3190 πραγμάτων
662 3125 800 3187 ἦθος·
845 3124 1076 3182 πολλαχοῦ
1115 3122 1223 3182 γοῦν
1262 3119 1312 3164 τὸ
1352 3123 1521 3177 μέτρον
1551 3117 1690 3160 εἴτις
1733 3109 1955 3169 περιέλοι,

331 3204 578 3265 ῥητορικὴν
620 3202 679 3247 ἂν
721 3199 844 3258 εὕροι
890 3201 1127 3245 πολιτείαν
1171 3200 1284 3254 (leg.
1316 3195 1639 3251 πραγματείαν
1683 3201 1789 3232 cum
1819 3184 1958 3241 Spal-

334 3279 457 3334 ding.
486 3280 541 3322 acl
570 3278 731 3336 Quint.
763 3280 795 3321 1.
827 3275 895 3329 c.).
955 3275 1132 3319 Locum
1156 3271 1376 3324 Dionysii
1404 3268 1630 3323 expressit
1659 3260 1822 3317 Quint.
1853 3258 1887 3301 l.
1916 3268 1956 3298 c.

333 3352 405 3396 De
429 3366 529 3398 voc.
552 3347 673 3411 ἦθος
717 3352 812 3398 vid.
844 3351 1024 3395 Ernesti
1055 3348 1194 3392 lexic.
1226 3343 1430 3389 technol.
1461 3354 1530 3396 gr.
1560 3338 1677 3381 rhet.

1354 3414 1476 3468 A2
