2293 3650
1048 275 1134 335 37

224 425 307 478 Ita
339 435 461 498 post
489 425 753 477 ποτέονται
790 424 1099 480 addendum
1126 427 1342 481 videtur
1368 425 1449 491 δέ,
1486 436 1742 499 monente
1765 427 1839 485 V.
1864 430 1933 483 D.

222 512 280 566 in
318 511 610 583 Ephemer.
648 511 764 566 Ien.
804 512 952 565 1806.
993 534 1044 567 n.
1081 513 1197 587 249.
1233 533 1287 585 p.
1325 512 1439 568 158.

565 608 1405 667 υυΙ-υυ-Ι-υυ-Ι-υυ-Ιυ-

359 733 649 790 XXXVI.
715 736 942 791 Tzetzes
981 738 1047 791 ad
1080 733 1363 807 Lycophr.
1400 749 1518 786 212.
1568 735 1819 808 φαλακρόν
1856 739 1942 807 γε’-

219 841 371 890 ροντα
414 817 658 889 γράφουσι
700 819 861 892 τούτῳ
911 828 1016 893 (τῷ
1063 818 1326 890 Διονύσῳ)
1373 819 1708 887 ἀκολουθεῖν,
1767 821 1844 877 ὅτι
1891 827 1941 878 οἳ

215 910 515 970 οἰνωθέντες
543 906 604 961 τὰ
639 913 729 962 τοῦ
763 908 997 979 λογισμοῦ
1028 906 1295 980 ἇπόῤῥητα
1320 909 1660 976 ἕκφαίνουσιν·
1703 904 1832 964 ὅθεν
1854 910 1937 965 καὶ

218 988 244 1046 ὃ
278 992 508 1056 Ἀλκαῖος
543 995 721 1062 φησίν·
1454 1063 1459 1067 -

497 1078 668 1142 οἶνος
706 1077 817 1151 γὰρ
855 1078 1242 1151 ἀνθρώποις
1279 1081 1615 1152 δίοπτρον.

349 1164 540 1218 Ursin.
576 1186 628 1238 p·
660 1184 777 1220 101.
827 1168 1028 1220 Blomf.
1065 1188 1149 1221 nr.
1177 1169 1341 1222 XVI.
1378 1169 1485 1239 qui,
1525 1167 1810 1232 1301110103,
1847 1169 1936 1222 in-

213 1251 357 1322 quit,
409 1251 468 1303 in
505 1263 785 1306 menstrua
823 1273 1051 1307 censura
1086 1255 1156 1306 Τ.
1189 1255 1386 1308 XXV.
1426 1255 1651 1324 corrigit
1687 1250 1935 1322 ἀνδράσιν,

211 1340 339 1414 quia
376 1339 620 1408 quintam
654 1340 916 1410 syllabam
946 1341 1180 1394 Alcaeus
1215 1360 1432 1412 semper
1465 1341 1750 1412 corripiam,
1789 1340 1936 1410 quod

210 1424 411 1478 falsum
451 1445 592 1489 esse,
655 1447 684 1478 e
725 1427 998 1492 versibus,
1061 1425 1117 1481 τὸ
1155 1426 1203 1480 δ’
1250 1429 1429 1492 ἔνθεν,
1489 1426 1641 1499 ἄμμες
1687 1428 1738 1482 δ’
1777 1426 1836 1481 ἂν
1876 1423 1935 1480 ‘cti

209 1513 396 1579 μέσσον
434 1520 486 1564 et
519 1508 670 1573 αἰδώς
705 1514 762 1565 κέ
797 1534 911 1576 τευς
947 1515 1038 1566 οὗκ
1071 1513 1198 1584 εἶχεν
1229 1511 1446 1577 ἔππατ’,
1487 1524 1538 1567 et
1575 1515 1685 1568 ἐπεὶ
1721 1513 1778 1568 δέ
1800 1514 1851 1566 κ’
1880 1516 1935 1567 ἓν

209 1593 380 1665 πόντῳ
419 1601 618 1666 γένηται
654 1618 737 1670 ap.
764 1599 968 1653 Athen.
991 1601 1127 1655 XV.
1164 1622 1216 1673 p.
1245 1601 1363 1672 695.
1402 1599 1474 1654 A.
1514 1609 1755 1673 apparet.
1811 1600 1936 1674 Ipse

210 1703 346 1738 vero
383 1683 584 1735 Blomf.
623 1703 708 1756 ap.
747 1685 988 1740 Tzetzen
1025 1706 1129 1758 pro
1153 1685 1385 1748 Ἀλκαῖος
1420 1687 1768 1740 scribendum
1807 1706 1937 1740 cen-

211 1780 292 1823 set
331 1768 612 1840 Αἶσχύλος,
677 1771 828 1822 cuius
875 1775 1065 1825 similis
1112 1791 1300 1826 versus
1350 1772 1667 1844 proferatur
1716 1793 1746 1826 a
1787 1772 1933 1826 Stob.

212 1855 434 1910 XVIII.
472 1876 527 1928 p.
559 1856 657 1908 164
683 1877 751 1902 =
777 1875 859 1927 99.
899 1859 1058 1909 Grot.
1099 1858 1352 1926 Apostol.
1387 1859 1489 1921 XI,
1515 1861 1572 1911 3.
1611 1859 1819 1914 Athen.
1853 1859 1931 1912 X.

210 1962 267 2015 p.
305 1939 428 2012 427.
466 1943 529 1995 F.
582 1941 863 2012 κάτοπτρον
909 1943 1074 2004 εἴδους
1118 1936 1298 2013 χαλκός
1347 1940 1478 2002 ἐστ’,
1547 1942 1678 2004 οἶνος
1724 1943 1779 1995 δὲ
1826 1948 1935 1997 νοῦ.

208 2024 666 2100 Μ1111111Ζ’”(]υι1111
706 2030 813 2081 duo
846 2028 1112 2098 Aeschyli
1146 2028 1284 2091 loci,
1321 2028 1472 2083 Pers·
1501 2026 1621 2097 547.
1659 2028 1713 2080 S.
1749 2047 1793 2081 0.
1825 2030 1934 2082 Τ11.

210 2132 334 2169 200.
374 2117 442 2169 ad
480 2115 675 2171 Alcaei
710 2114 1068 2170 imitationem
1106 2132 1359 2184 expressa
1395 2132 1506 2164 esse
1542 2113 1659 2184 ipse
1695 2133 1872 2185 agnov
1876 2135 1936 2168 e-

208 2194 311 2268 iit,
375 2203 568 2271 quibus
614 2221 713 2257 nos
758 2201 979 2255 tertium
1029 2220 1058 2254 e
1109 2199 1291 2255 Schol.
1329 2199 1485 2257 Pind.
1524 2199 1716 2299 Ιεί11111.
1752 2203 1808 2267 1,
1847 2203 1955 2289 52.

211 2241 537 2342 addidimus.

351 2408 666 2463 XXXVII.
709 2409 910 2466 Schol
947 2410 1163 2464 Platon.
1203 2428 1255 2482 p.
1293 2410 1375 2462 51.
1426 2407 1557 2469 οἶνος
1591 2406 1676 2460 καὶ
1710 2403 1938 2475 ἀλήθεια

211 2497 299 2550 ἔπι
335 2518 433 2550 των
462 2499 516 2549 ἓν
543 2499 687 2564 μέθῃ
724 2495 816 2566 τὴν
844 2485 1099 2566 ἆλήθειαν
1133 2491 1391 2566 λεγόντων.
1449 2492 1593 2547 ’Ἐστι
1628 2493 1682 2546 δὲ
1716 2491 1940 2565 ᾅσματος,

200 2581 494 2636 Ἀλκαίου
470 2581 621 2653 αρχή·
687 2585 912 2646 Οἶνος,
962 2588 999 2635 ὠ
1045 2582 1195 2650 φίλε
1242 2589 1392 2649 παῖ,
1459 2581 1566 2634 καὶ
1611 2576 1936 2648 ἀλήθεια,

209 2690 293 2721 και
342 2665 620 2737 Θεόκριτος.
724 2669 934 2722 Veisus
993 2670 1086 2721 ille
1144 2669 1342 2738 legitur
1397 2667 1454 2718 in
1502 2665 1742 2718 carmine
1789 2666 1935 2718 inter

211 2755 542 2808 Theocritea
577 2755 806 2809 XXIX.
855 2755 947 2809 sed
985 2773 1096 2807 uno
1135 2755 1350 2825 dactylo
1389 2754 1634 2822 longior:
1691 2752 1847 2815 οἶνος,
1893 2746 1934 2803 ὦ

211 2841 324 2909 φίλε
361 2850 484 2903 παῖ,
536 2839 760 2911 λέγεται,
810 2844 894 2895 καί
929 2838 1148 2894 ἆλάθεα.
1231 2842 1381 2894 Hinc
1422 2839 1794 2903 &Velinertuffi
1844 2836 1934 2889 iu-

211 2930 364 2980 venis
401 2939 749 3000 praematura
787 2937 964 2981 morte
999 2927 1475 2999 11110113010111113,
1538 2944 1760 2977 carmen
1796 2923 1934 2976 illud

211 3015 510 3069 Theocrito
546 3015 683 3068 salso
719 3015 982 3075 adscribi,
1025 3024 1077 3067 et
1111 3014 1306 3068 Alcaei
1343 3013 1525 3065 verius
1567 3032 1709 3075 esse,
1756 3010 1935 3082 suspi-

216 3102 466 3167 cabatur,
527 3112 784 3156 narrante
820 3100 1115 3154 Schaefero
1163 3101 1232 3153 ad
1271 3101 1503 3169 Gregor.
1541 3100 1671 3153 Cor.
1716 3118 1772 3170 p.
1809 3096 1932 3150 586.

218 3204 444 3256 eamque
486 3191 812 3242 sententiam
859 3197 1044 3260 postea
1080 3186 1438 3240 Thierschius
1472 3189 1533 3240 in
1570 3187 1778 3239 dissert.
1829 3200 1932 3250 qua

218 3273 492 3342 specimen
535 3276 791 3331 editionis
834 3274 1113 3347 Symposii
1154 3273 1396 3327 Platonis
1443 3273 1592 3326 dedit
1641 3269 1934 3337 Gottingae

219 3357 615 3416 MDCCGHX.
662 3381 715 3434 p.
756 3362 821 3415 25
858 3380 970 3431 sqq.
1024 3361 1299 3414 nonnullis
1339 3357 1666 3431 argumentis
1702 3353 1936 3428 probare
