2293 3650
1250 237 1332 298 36

433 405 712 468 ΧΧΧΙΙ.)
780 399 877 456 Ad
915 397 1064 450 hunc
1100 392 1304 447 locum
1321 389 1564 463 respexit
1601 388 1765 442 etiam
1800 386 2023 442 Pollux.
2054 384 2162 453 VI,

439 514 559 565 107.
601 489 875 559 Ἀνακρέων
917 483 971 537 δὲ
1015 483 1099 534 καὶ
1145 474 1379 548 μύρτοις
1395 476 1775 544 στεφανοῦσθαί
1816 495 1941 544 φησι
1984 502 2054 516 -
2087 502 2159 514 ——

434 586 519 637 καὶ
551 575 780 648 ἇνήττῳ,
822 570 891 636 ὥς
924 571 1007 624 καὶ
1045 563 1245 635 Σαπφὼ
1286 585 1370 618 και
1395 562 1639 624 Ἀλκαῖος.

575 713 866 773 XXXIV.
925 711 1130 767 Athen.
1157 709 1228 761 Π.
1264 725 1315 780 Ρ.
1342 704 1425 760 58.
1461 703 1524 756 Ε.
1563 701 1664 756 aab
1701 706 1793 756 τοῦ
1831 699 1956 755 κατὰ
1989 702 2164 769 μέθην

436 806 495 863 δὲ
539 798 920 871 καταστήματος
967 799 1051 851 καὶ
1091 791 1254 865 ταύρῳ
1291 787 1639 862 παρεικάζουσι
1676 786 1761 842 τὸν
1802 785 2045 843 Διόνυσον
2080 790 2166 841 καὶ

435 892 707 965 παρδάλει,
771 886 853 943 διὰ
890 884 948 940 τὸ
984 881 1108 956 πρὸς
1152 885 1272 953 βίαν
1317 879 1602 952 τρέπεσθαι
1637 875 1756 939 τοὺς
1790 877 2167 940 ἐξοινωθέντας.

425 982 690 1043 Ἀλκαῖος·
1810 975 1813 977 ’

721 1059 902 1116 άλλοτε
940 1058 1030 1127 μὲν
1060 1056 1349 1126 μελιαδέος,
1386 1050 1568 1106 αλλοτε
1602 1049 1652 1105 6'

725 1148 962 1217 ὀξυτέρου
1000 1140 1246 1216 τριβόλων
1281 1140 1502 1212 ἆρητύμε
1481 1161 1596 1193 ..m

438 1241 630 1295 Ulsin.
668 1256 722 1310 p.
762 1253 874 1288 101.
913 1232 1116 1287 Blomf.
1155 1252 1244 1285 nr.
1271 1227 1526 1283 XXVII.
1562 1226 1810 1280 Eustaih.
1849 1225 1914 1278 ad
1954 1197 2064 1279 Od.
2099 1218 2172 1293 φ’.

439 1348 497 1401 p.
539 1342 705 1398 1910,
746 1340 828 1391 17
876 1318 1003 1374 κατὰ
1043 1341 1134 1388 την
1161 1317 1398 1373 ’.Αλκαίου
1435 1318 1621 1382 μοῦσαν
1655 1312 1838 1365 ἄλλοτε
1871 1307 2174 1380 μελιαδὴς
2143 1333 2170 1365 ο

441 1415 601 1476 οἶνος,
635 1409 663 1465 ὃ
701 1408 832 1479 ὄὴ”
803 1431 901 1478 εφη
937 1407 1021 1460 καὶ
1041 1402 1260 1474 Ὅμηρος
1274 1441 1288 1465 ,
1335 1400 1516 1454 αλλοτε
1550 1400 1600 1453 6'
1644 1395 1873 1466 ὃξυτερος
1909 1393 2176 1467 τριβόλων

438 1501 661 1554 Vitium
697 1506 776 1549 est
812 1496 872 1548 in
905 1489 1219 1563 ἆρητύμενοι.
1265 1491 1341 1541 sic
1369 1487 1671 1556 Schweigh
1709 1487 1867 1538 codd.
1904 1505 2019 1538 non
2048 1485 2178 1554 ἄρη-

438 1588 656 1654 τυμένοι.
727 1582 874 1635 Nam
911 1581 969 1633 in
1005 1589 1185 1632 metro
1213 1576 1478 1645 dactylico
1504 1572 1741 1624 secunda
1767 1573 1976 1642 syllaba
2004 1571 2179 1636 brevi,

438 1672 601 1725 tertia
635 1671 798 1738 longa
834 1685 970 1740 opus
1009 1674 1154 1717 erat:
1221 1664 1404 1764 itaqtie
1442 1677 1618 1729 neque
1660 1658 1890 1712 Casaub.
1929 1658 2076 1710 vel
2053 1680 2182 1727 αρη-

437 1760 680 1860 τυμένου,
716 1753 869 1825 quasi
907 1751 1138 1805 veibum
1177 1759 1312 1802 esset
1347 1742 1546 1815 ἆρητύω
1581 1764 1684 1817 Ριο
1718 1743 1911 1812 ἆρύτω,
1957 1745 2105 1798 vel’
2080 1747 2177 1814 ag}-

444 1844 606 1914 ῥήτου
654 1844 827 1908 μένος,
891 1858 992 1891 nee
1040 1836 1226 1889 Fulvii
1275 1834 1470 1884 Ursini
1518 1831 1580 1897 ἆ]
1590 1830 1776 1899 gjr'uzov
1812 1836 1988 1898 μένους
1967 1872 2017 1897 ς,
2076 1850 2179 1884 nec

444 1929 669 1984 Livinei
703 1921 1021 1995 ἇρυτόμενοι,
1066 1940 1168 1974 nec
1205 1919 1433 1971 Iacobsii
1471 1918 1691 1985 (Addit.
1729 1920 1894 1972 anim.
1933 1921 2001 1972 ad
2038 1919 2174 1973 Ath.

444 2037 502 2091 p·
532 2014 638 2084 58.)
675 2008 894 2081 ἀκρήτου
929 2012 1073 2076 μένος
1112 2007 1385 2060 convenit.
1459 2005 1661 2057 Blomf.
1699 2008 1783 2059 ed.
1817 2004 1982 2076 ἆρύτω
2014 2011 2180 2074 μένος,

447 2103 596 2175 quod
635 2111 687 2153 et
722 2097 900 2152 sensui
934 2106 987 2149 et
1018 2105 1196 2148 metro
1224 2091 1508 2154 satisfacit,
1546 2093 1713 2144 modo
1741 2093 1969 2163 intelligi
1994 2096 2179 2167 possit,

446 2188 723 2262 quomodo
772 2183 1006 2238 verbum
1055 2192 1170 2233 tam
1216 2182 1522 2233 communis
1579 2197 1706 2231 usus
1757 2179 1832 2232 ita
1895 2182 2180 2256 corrumpi

444 2273 706 2351 potuerit.
778 2272 937 2325 Idem
972 2270 1123 2322 dedit
1157 2267 1347 2322 ἄλλοτα
1383 2277 1434 2320 et
1470 2265 1682 2333 ὂξυτέρω
1722 2286 1751 2319 e
1787 2267 2036 2323 dialecto,

590 2389 854 2446 XXXV.
908 2389 1113 2443 Athen.
1146 2387 1253 2440 XI.
1288 2406 1341 2458 p.
1369 2385 1491 2439 481.
1526 2385 1601 2438 A.
1639 2384 1859 2454 (Ἀχαιὸς
1891 2386 1945 2440 δὲ
1978 2385 2003 2439 ὅ
2033 2387 2179 2458 Ἐρε-

453 2478 614 2551 τριεὺς
649 2481 703 2531 ἐν
731 2472 1030 2543 Ἀλκμαίωνι
1063 2474 1175 2526 ἆντὶ
1212 2478 1302 2526 τοῦ
1339 2469 1534 2532 κύλικες
1561 2470 1861 2542 παραγώγως
1896 2474 2181 2545 κυλιχνίδας

449 2572 620 2638 εἴρηκε
654 2596 728 2607 ·—-
761 2596 833 2604 —-
860 2562 1090 2625 Ἀλκαῖος
1117 2560 1171 2614 δὲ
1199 2559 1453 2631 κυλίχνας·
1494 2563 1729 2627 Πίνωμεν
1757 2591 1829 2601 ——
1862 2592 1933 2604 --
1966 2564 2056 2631 —)
2095 2564 2181 2616 καὶ

453 2659 508 2711 ἓν
544 2659 613 2726 τῷ
652 2648 869 2721 δεκάτῳ·

737 2736 944 2809 λάταγες
979 2737 1246 2791 ποτέονται
1278 2734 1507 2805 κυλιχνᾶν
1541 2732 1642 2788 ἄπο
1683 2736 1864 2805 Τηΐαν,

451 2827 521 2891 ὦς
557 2822 805 2896 διαφόρων
839 2829 1108 2896 γενομένων
1144 2824 1226 2877 καὶ
1261 2826 1315 2876 ἒν
1355 2825 1466 2891 Τέῳ
1504 2821 1728 2874 κυλίκων.

453 2916 641 2969 Ursin.
679 2935 732 2988 p.
767 2930 881 2966 101.
918 2911 1122 2965 Blomf.
1160 2931 1245 2963 nr.
1272 2909 1465 2963 XLV.
1537 2910 1783 2962 Metrum
1815 2910 2033 2964 videtur
2067 2930 2179 2965 esse

454 3001 918 3063 choriambicum,
953 2998 1278 3071 praepositis
1315 2998 1519 3050 duabus
1558 2997 1811 3049 brevibus
1846 2998 2081 3068 syllabis,
2119 3008 2180 3051 ut

457 3091 516 3144 in
552 3089 624 3143 fr.
653 3088 852 3160 Sapph.
878 3106 962 3160 ap.
987 3085 1191 3139 Athen.
1219 3084 1379 3137 XIII.
1417 3104 1471 3156 p.
1498 3085 1617 3153 571.
1650 3085 1722 3135 D.
1762 3085 1828 3136 de
1850 3103 1957 3154 quo
1982 3085 2176 3137 Herm.

455 3177 616 3229 elem.
654 3175 705 3228 d.
741 3193 816 3227 m.
863 3194 920 3245 p.
955 3174 1075 3229 436.
1124 3181 1177 3224 et
1219 3171 1277 3222 in
1327 3169 1398 3224 fr.
1445 3170 1727 3241 Sapphus,
1796 3172 1940 3240 quod
1990 3182 2176 3224 annot.

455 3262 677 3317 Vimar.
712 3261 778 3313 ad
815 3262 1055 3317 Theocr.
1099 3259 1175 3311 id.
1211 3257 1295 3313 28.
1333 3257 1641 3329 adscripsit:
1701 3254 2001 3327 ροδοπήχεες
2034 3255 2176 3327 ‹ira-at

469 3347 675 3420 Χάριτες
723 3347 867 3403 δεῦτε
914 3346 1035 3410 Διὸς
1075 3343 1236 3416 κόραι.
1317 3364 1367 3397 v.
1409 3343 1582 3399 Gaisf.
1621 3345 1687 3398 ad
1727 3343 1913 3416 Heph.
1960 3364 2013 3417 p.
2051 3346 2174 3399 310.
