2293 3650
1103 235 1189 298 44

276 399 637 473 γηράσκοντες)
670 398 756 450 τὸν
782 380 962 462 θυμὸν
987 390 1413 463 ἒρῤωμενέστερον
1438 397 1615 466 ἔχουσι.
1657 401 1743 456 καὶ
1760 398 1997 462 Ἀλκαῖος

247 487 342 552 ιὥς
376 488 579 558 λέγομεν
614 483 673 537 οὗ
709 477 835 534 κατὰ
868 477 1035 533 κοινὸν
1070 479 1230 533 αῧτοῢ
1266 478 1608 551 μιμνήσκεται.

416 576 650 628 Ursinus
695 589 749 641 p.
793 585 908 639 1⁰9.-
954 586 987 619 a
1035 585 1123 619 vv.
1195 571 1346 620 τοῦτο
1394 568 1450 621 δὲ
1511 572 1596 623 καὶ
1652 571 1737 624 καὶ
1793 592 1997 641 παροιμ.

278 661 435 729 Quae
479 666 780 728 sequuntur
825 674 914 726 ap.
960 653 1111 705 Suid.
1161 662 1214 706 et
1256 655 1316 707 in
1350 654 1542 708 Schol.
1580 655 1726 710 Ven.
1777 657 1867 723 (in
1909 658 1998 711 his

272 747 492 799 minore
540 745 704 797 etiam
753 741 1097 795 distinctione
1144 760 1175 792 a
1223 742 1498 813 prioribus
1535 751 1781 815 separata
1817 740 2006 811 μιμνή-’

276 854 471 896 σκεται,
508 828 678 899 θυμὸς
710 827 916 898 ὃργῆς”)
953 827 1122 896 θυμός
1160 826 1334 897 ὀργῆς·
1374 826 1399 880 ὃ
1439 828 1527 896 μὲν
1559 828 1648 899 γὰρ
1679 827 1848 895 θυμὸς
1884 825 2002 890 ὀξὺς

273 920 360 974 καὶ
395 914 755 989 ὀλιγοχρόνιος,
792 912 826 983 ἡ
863 912 918 966 δὲ
954 913 1076 983 ὀργὴ
1113 914 1396 984 βραδυτέρα
1431 914 1549 982 μὲν,
1585 919 1894 984 μονιμωτέρα
1928 915 2001 968 δέ.

274 1008 448 1072 θυμὸν
483 1010 648 1058 τοίνυν
684 1001 832 1071 ὀργῆς
867 997 962 1065 τὴν
997 1003 1234 1068 ἐπίμονον
1269 998 1470 1055 ἐκάλεσε
1500 1008 1766 1070 τιμωρίαν,·
1811 1002 2007 1073 quibus

276 1094 483 1146 addunt
520 1090 686 1142 schol.
725 1088 872 1141 Ven.
919 1086 1094 1156 θυμὸν
1137 1087 1222 1140 καὶ
1267 1085 1417 1157 ὀργὴν
1456 1091 1536 1142 καὶ
1574 1088 1763 1159 θλίψιν
1810 1092 2006 1142 ἐπιθυ-

274 1184 390 1248 μίας
428 1177 519 1248 τήν
553 1173 735 1247 πικράν
773 1179 1010 1244 τιμωρίαν
1045 1172 1213 1228 καλεῖ·
1255 1174 1313 1228 οὗ
1341 1173 1430 1243 γὰρ
1458 1175 1632 1242 φύσει,
1672 1175 1788 1230 οὐδὲ
1822 1197 2004 1245 προαι-

272 1271 408 1336 ρέσει
441 1270 578 1335 φησί.
633 1265 767 1318 haec
803 1263 999 1334 igitur,
1038 1282 1068 1316 e
1106 1263 1363 1324 diversiS,
1402 1274 1461 1317 ut
1492 1266 1737 1328 videtur,
1770 1264 2005 1334 scripto-

272 1354 425 1406 ribus
464 1362 747 1424 excerpta‚
785 1370 854 1403 an
887 1352 954 1402 ad
983 1349 1255 1404 Alcaeum
1290 1350 1489 1429 refierri
1523 1355 1754 1424 possint,
1796 1351 2003 1403 dubito.

270 1434 355 1493 Ea
402 1449 587 1492 tamen
644 1440 757 1492 sola
814 1438 995 1511 posuit
1051 1440 1110 1491 in
1166 1438 1362 1508 fragm.
1411 1441 1603 1493 Alcaei
1649 1436 1852 1491 Blomf.
1916 1455 2003 1488 nr.

272 1526 552 1580 LXXVI.
599 1546 631 1578 a
665 1526 846 1580 verbis
885 1527 968 1578 καὶ
995 1523 1253 1586 Ἀλκαῖος,
1304 1520 1371 1584 ὥς
1407 1522 1505 1592 λεγ.
1554 1543 1725 1593 usque
1760 1525 1827 1576 ad
1865 1520 2002 1576 ε’κάλ.

273 1618 528 1680 τιμωρίαν.
575 1614 635 1665 in
666 1633 730 1665 eo
767 1613 928 1664 etiam
966 1611 1159 1674 falsus,
1199 1609 1345 1676 quod
1382 1609 1515 1659 haec
1549 1630 1578 1660 e
1606 1610 1918 1680 Philopono
1949 1609 2010 1660 in

274 1700 505 1754 Aristot.
545 1699 612 1749 de
651 1698 835 1750 anima
869 1696 911 1748 I.
958 1697 1122 1767 petita
1166 1695 1312 1747 dicit.
1401 1693 1514 1761 Qui
1553 1695 1597 1747 si
1634 1695 1860 1748 Kusteri
1902 1714 2008 1747 no-

270 1795 382 1838 tam
424 1785 727 1837 accuratius
759 1784 1111 1855 inspexisset,
1153 1781 1400 1841 vidisset,
1440 1799 1552 1833 non
1590 1801 1681 1844 ea,
1733 1801 1870 1851 quae
1908 1801 2008 1834 ex-

274 1872 614 1942 scripsimUS,
671 1870 766 1921 sed
807 1887 943 1937 quae
979 1887 1063 1939 ap.
1103 1866 1259 1918 Suid.
1305 1876 1357 1918 et
1392 1867 1450 1919 in
1486 1867 1650 1920 schol.
1689 1868 1833 1921 Ven-
1871 1888 2009 1940 pro-

274 1961 424 2011 xime
453 1957 815 2028 praecedunt,
857 1955 1079 2021 διαφέρει
1107 1953 1160 2006 δὲ
1187 1951 1356 2020 θυμὸς
1390 1982 1458 1994 —-
1494 1983 1562 1993 —
1597 1959 1688 2007 τοῦ
1725 1957 2008 2024 ἐζωωμένου

276 2043 503 2114 σώματος
540 2064 568 2095 e
598 2044 908 2114 Philopono
944 2041 1132 2094 hausta
1170 2057 1301 2091 esse.

408 2200 630 2273 XLVI.
680 2198 925 2251 Eustath.
958 2197 1024 2250 ad
1058 2198 1120 2250 Il.
1159 2217 1209 2271 p.
1237 2197 1358 2269 589,
1392 2199 1474 2252 52.
1503 2218 1572 2245 =
1600 2198 1720 2267 705,
1754 2198 1837 2254 61.
1874 2198 2008 2270 βλη.;

270 2287 416 2362 χρὸν,
457 2285 512 2341 τὸ
537 2286 774 2349 ἆσθενὲς,
811 2283 878 2346 ὦς
905 2284 1159 2347 Ἀλκαῖος·
1209 2283 1806 2355 Βληχρῶνᾶνέμων
1841 2285 2004 2356 ἀχεί-

276 2396 514 2446 μαντοι
548 2376 767 2426 πνοαί.

413 2477 603 2530 Ursin.
639 2495 688 2547 p.
722 2474 836 2527 105.
873 2473 1076 2530 Blomf.
1114 2495 1196 2528 nr.
1226 2475 1319 2526 LI.
1362 2474 1451 2526 Sic
1477 2475 1638 2528 etiam
1662 2474 1830 2527 schol.
1857 2474 2004 2529 Ven.

277 2566 343 2619 ad
383 2566 447 2618 Il.
484 2561 559 2627 θ’,
603 2563 716 2625 178.
755 2559 917 2622 ἄλλως
953 2583 1005 2615 τε
1039 2561 1139 2631 ἤδη
1174 2559 1298 2614 αὐτὸ
1336 2559 1391 2613 τὸ
1429 2559 1647 2630 βληχρὸς
1681 2566 1907 2630 σημαίνει
1937 2560 2007 2626 ὥς

277 2654 364 2706 ἐπὶ
397 2650 454 2705 τὸ
486 2650 727 2704 πλεῖστον
764 2649 952 2715 μᾶλλον
988 2648 1045 2702 td
1078 2649 1310 2710 ἀσθενές.
1350 2647 1585 2709 Ἀλκαῖος
1618 2646 1696 2701 θ’.
1731 2647 1814 2717 βλ.
1847 2648 1894 2701 ἆ.
1922 2648 2004 2720 ἆχ.

276 2739 439 2791 πνοαί.
490 2738 642 2791 Suid.
668 2757 719 2790 v.
753 2731 972 2805 βληχρόν
986 2777 1003 2800 ,
1037 2735 1254 2797 ἀσθενὲς
1279 2732 1413 2804 παρὰ
1439 2732 1635 2803 Ὁμήρῳ
1668 2737 1750 2787 καὶ
1773 2734 2005 2804 Ἀλκαίῳ,

277 2843 413 2895 quae
452 2824 640 2876 eadem
675 2824 836 2876 habet
860 2824 1040 2893 Etym.
1072 2824 1154 2876 M.
1191 2842 1244 2894 p.
1275 2839 1393 2884 200,
1434 2825 1514 2876 15.
1551 2822 1638 2875 cit.
1666 2822 2005 2874 Schneidero

278 2912 345 2964 ad
384 2911 535 2963 Pind.
574 2911 648 2963 fr.
691 2929 743 2981 p.
783 2911 866 2965 53.
966 2909 1054 2962 De
1104 2928 1237 2962 voce
1284 2904 1502 2978 βληχρός
1549 2909 1658 2961 vid.
1698 2908 1890 2960 Valck.
1929 2909 2000 2960 ad

278 2999 516 3052 Theocr.
542 2997 727 3050 Adon.
755 3016 806 3068 p.
835 3014 954 3068 219.
993 3026 997 3034 ·
1029 2996 1236 3048 Contra
1259 2997 1509 3048 Gramm.
1535 2996 1592 3046 in
1615 2996 1786 3046 Bekk.
1812 2993 2001 3046 anecd.

277 3106 331 3159 p.
368 3089 487 3141 322.
526 3080 808 3154 ἆβληχρήν,
844 3084 1070 3149 ἀσθενῆ·
1117 3079 1336 3152 βληχρὸν
1372 3080 1461 3150 γὰρ
1500 3078 1556 3133 τὸ
1592 3077 1806 3150 ἰσχυρόν.
1874 3080 2004 3132 Me-

278 3184 427 3226 trum
465 3191 580 3224 esse
618 3171 793 3222 videri
831 3171 1011 3233 idem,
1049 3169 1194 3239 quod
1231 3169 1288 3220 in
1327 3169 1396 3220 fr.
1432 3169 1476 3220 Ι.
1513 3168 1768 3228 vidimuS‚
1807 3167 2002 3218 monui

281 3263 336 3313 iu
373 3260 516 3332 prol.
551 3257 619 3310 de
655 3275 820 3309 carm.
859 3257 1101 3311 Theocr.
1137 3256 1367 3311 XXIX.
1404 3255 1764 3327 adstipulante
1803 3254 2000 3309 Herm.

281 3348 340 3400 in
371 3347 528 3400 elem·
569 3344 621 3396 d.
661 3362 734 3398 m.
771 3362 825 3413 p.
864 3343 984 3411 457.
