2293 3650
1252 284 1381 324 VIII

436 437 546 477 octo
572 424 802 475 codicum
830 422 1120 470 auctoritate
1145 430 1308 469 motus
1332 413 1484 472 πόλιν
1508 425 1698 490 scripsit
1732 443 1820 491 pro
1854 420 2029 488 πάλιν,
2068 425 2151 476 Tu

435 549 605 587 autem
625 530 777 586 πάλιν
801 533 1055 598 defendis3
1089 536 1195 583 vim
1221 536 1357 581 enim
1382 536 1531 584 totius
1557 540 1833 585 sententiae
1857 542 1911 585 in
1938 557 1998 588 eo
2033 557 2152 601 esse,

434 661 490 698 ut
517 645 866 714 philosophiae
890 645 1056 695 studia
1078 644 1221 694 modo
1241 665 1446 712 prorsus
1474 650 1722 696 contrario
1741 687 1754 710 ‚
1793 650 2006 714 regenda
2033 669 2154 711 esse,

431 780 487 810 ac
511 771 623 809 tum
649 762 884 825 temporis
920 758 974 806 id
1009 760 1116 807 fieri
1154 769 1479 806 consueverat
1517 751 1692 823 (πάλιν
1730 755 2020 812 τοῧιἀντιὀν
2055 758 2151 810 IV.

431 894 482 942 p.
512 875 632 924 425.
657 869 727 921 A.
756 873 858 922 πᾶν
879 867 1168 922 τοῦναντίον
1188 866 1282 919 VI.
1315 889 1366 937 p.
1395 870 1513 920 498.
1546 868 1632 936 B.)
1657 871 1958 921 demonstret
1986 872 2156 938 philo-

430 986 633 1052 sophus,
666 1001 772 1032 non
792 993 849 1030 ut
874 984 1062 1030 civitati
1087 982 1184 1030 hoc
1208 1001 1310 1032 esse
1333 985 1620 1030 iniunctum
1645 984 1810 1044 officii,
1851 994 1907 1031 ut
1931 981 2156 1048 philoso-

429 1098 579 1164 phiae
612 1095 778 1146 studia
808 1105 1012 1157 tractet,
1063 1094 1229 1143 denuo
1271 1094 1557 1143 contendat.
1646 1091 1802 1157 Quod
1830 1099 1919 1143 etsi
1960 1098 2159 1144 verissi-

430 1228 574 1259 mum
613 1218 712 1272 est,
759 1211 814 1255 in
842 1225 899 1256 eo
931 1218 1105 1256 tamen
1140 1207 1396 1269 offendor,
1448 1207 1586 1276 quod
1625 1226 1711 1270 ea,
1766 1226 1894 1275 quae
1928 1210 2158 1274 copulata

432 1341 534 1372 esse
559 1323 913 1384 conveniebat,
952 1338 1182 1388 quaeque
1215 1322 1336 1368 alibi
1364 1324 1592 1387 proxime
1618 1324 1747 1368 inter
1776 1339 1827 1368 se
1857 1325 2160 1386 coniungere

432 1437 558 1484 solet
581 1432 724 1484 Plato
744 1473 757 1497 ‚
806 1428 960 1484 πάλιν
985 1430 1300 1494 τούναντίον,
1351 1444 1491 1482 tanto
1515 1435 1779 1482 intervallo
1818 1451 1844 1480 a
1876 1452 1926 1481 se
1967 1432 2159 1480 divulsa

433 1558 580 1613 sunt3
622 1557 671 1596 et
700 1549 975 1596 sententiae
1003 1549 1091 1609 vis,
1129 1549 1323 1601 etiamsi
1348 1542 1500 1598 πόλιν
1527 1549 1727 1607 scribas,
1766 1556 1937 1594 manet
1959 1547 2013 1592 in
2039 1562 2161 1593 voce

432 1657 724 1710 τούναντίον
752 1677 809 1706 eo
837 1662 971 1724 ipso,
1024 1658 1162 1725 quod
1193 1675 1250 1705 ea
1283 1660 1445 1722 primo
1469 1661 1581 1705 loco
1605 1662 1764 1722 posita
1793 1667 1890 1719 est,
1932 1666 1979 1704 et
2005 1659 2161 1705 solere

433 1769 701 1822 Platonem
735 1772 945 1819 subiecti
987 1771 1302 1833 grammatici
1347 1769 1652 1815 vocabuhun
1695 1769 1806 1817 loco
1853 1769 2163 1833 pronominis

436 1885 676 1933 continuo
712 1882 795 1929 vel
825 1882 898 1928 bis
934 1883 1139 1941 iterare,
1192 1889 1249 1927 ut
1282 1879 1334 1928 h.
1374 1881 1410 1928 l.
1441 1874 1617 1941 πόλιν,
1665 1884 1768 1946 ipse
1800 1883 2055 1929 monuisti.
2095 1909 2164 1918 -

433 1992 582 2045 Alter
604 1996 741 2042 locus
765 1987 837 2041 est
868 1993 927 2040 de
955 2010 1056 2057 rep.
1085 1988 1159 2040 X.
1190 2011 1239 2057 p.
1274 1996 1390 2041 602.
1420 1990 1489 2040 Α.
1521 1994 1704 2059 χαρίεις
1740 1988 1799 2042 ἂν
1826 1990 1904 2058 εἴη
1939 1987 1965 2042 ὁ
2004 1992 2058 2042 ἐν
2095 1994 2164 2058 τῇ

432 2103 636 2174 μιμήσει
661 2099 923 2173 μιμητικὸς
947 2098 1071 2170 πρὸς
1091 2104 1273 2167 σοφίαν
1298 2102 1412 2170 περὶ
1435 2097 1504 2154 ὧν
1528 2092 1586 2155 ἂν
1621 2106 1762 2170 ποιῇ.
1799 2107 1888 2153 ubi
1910 2108 2164 2170 vulgatam

434 2221 585 2269 tueris
611 2228 782 2266 contra
803 2213 1117 2279 Bekkerum‚
1158 2219 1246 2284 qui
1277 2235 1302 2263 e
1328 2234 1416 2264 sex
1444 2216 1588 2264 codd.
1615 2219 1806 2281 scripsit
1829 2210 1854 2265 ὃ
1880 2216 1934 2266 ἓν
1958 2217 2022 2285 τῇ
2046 2234 2166 2266 ποι-

435 2325 548 2396 ἥσει
579 2321 858 2395 μιμητικός.
942 2324 1225 2394 Equidem,
1263 2330 1455 2394 quoties
1484 2326 1620 2375 hunc
1654 2331 1823 2376 locum
1847 2330 1973 2393 legi,
2013 2333 2065 2376 iu
2097 2333 2163 2377 il-

436 2445 497 2492 lis
521 2443 683 2491 verbis
708 2439 922 2504 offendi3
975 2457 1135 2507 quiun
1173 2443 1308 2487 enim
1336 2442 1456 2488 alibi
1481 2438 1624 2489 Plato
1655 2443 1804 2489 verba
1833 2444 1993 2490 verbis
2029 2445 2162 2490 eius-

441 2555 558 2602 dem
594 2555 756 2618 stirpis
792 2563 841 2602 et
877 2554 1079 2618 originis
1113 2555 1363 2618 explicare
1397 2571 1503 2601 non
1533 2555 1718 2618 soleat,
1770 2556 1865 2601 nisi
1891 2556 1978 2601 ubi
2016 2557 2166 2602 verba

441 2666 617 2714 eadem
652 2660 995 2732 ἓπεξηγῆσεως
1021 2683 1168 2714 causa
1193 2666 1362 2714 addita
1391 2669 1495 2715 vim
1534 2669 1756 2733 aliquam
1796 2664 2045 2728 habeant,
2096 2669 2167 2715 ita

441 2777 677 2847 quidem,
728 2787 812 2841 ut,
862 2779 914 2838 si⁴
949 2779 1098 2825 verba
1134 2777 1356 2825 eiusdem
1394 2781 1587 2842 generis
1634 2777 1804 2826 addita
1841 2781 2015 2840 tollas,
2070 2781 2169 2826 alia

440 2889 782 2940 substituenda
807 2891 932 2954 sint,
970 2900 1026 2939 ut
1051 2892 1107 2937 in
1129 2891 1249 2938 lociS
1277 2908 1305 2938 a
1328 2887 1403 2939 Te
1441 2893 1601 2939 allatis
1633 2892 1863 2939 omnibus
1880 2929 1892 2952 ‚
1934 2890 2030 2938 hoc
2055 2891 2167 2939 loco

443 3003 592 3051 verba
629 3001 680 3051 ἓν
718 3001 782 3067 τῇ
810 2998 1014 3067 μιμήσει
1050 3000 1179 3050 mihi
1218 2991 1424 3068 quidem
1451 3005 1605 3051 otiosa
1634 3021 1735 3051 esse
1772 3019 1982 3069 eamque
2007 3005 2168 3067 ipsam

445 3117 504 3163 ab
549 3131 750 3162 causam
790 3115 1037 3179 insignem
1086 3116 1141 3162 iu
1177 3113 1386 3161 modlun
1426 3114 1664 3179 languida
1703 3133 1804 3163 esse
1849 3113 2164 3162 videbantur.

444 3223 620 3293 ltaque
666 3227 960 3289 scripturam
1011 3245 1039 3274 a
1077 3223 1312 3275 Bekkero
1361 3236 1611 3291 rec-eptam
1657 3228 1870 3274 libenter
1909 3228 2169 3291 amplexus

446 3355 585 3398 sum,
622 3336 755 3386 hanc
791 3339 940 3385 etiam
974 3340 1037 3386 ob
1065 3355 1295 3400 causam,
1335 3337 1471 3405 quod
1497 3339 1725 3386 librarius
1751 3338 1945 3386 facilius
1971 3339 2033 3385 ab
2061 3330 2087 3383 ὅ
2112 3335 2178 3383 ἐν·
