2293 3650
988 261 1066 323 55

166 433 274 487 quo
311 413 657 483 intelligitur,
702 432 920 468 carmen
957 415 1061 468 lroc
1097 416 1288 472 Alcaei
1327 420 1635 493 decapodiis
1660 424 1901 494 Ionicis,'

162 504 198 555 i.
237 522 285 555 e.
331 501 708 571 systematibus
755 521 785 553 e
825 503 1010 555 decem
1058 505 1281 574 pedIbus
1328 507 1402 560 ita
1449 509 1877 579 cohaerentibus,

161 599 218 641 ut
251 605 429 656 neque
456 587 625 639 hiatui
653 587 943 654 indecoro,
983 604 1160 659 neque
1197 593 1435 661 syllabae
1472 597 1693 669 ancipiti
1726 600 1877 653 locus

160 683 294 728 esset
334 676 565 740 (Herm.
604 674 764 726 elem.
804 676 855 727 d.
891 685 1050 728 metr.
1091 694 1146 747 p.
1171 677 1346 746 472),
1392 683 1656 755 scriptum
1694 686 1874 752 fuisse,

154 776 314 831 quem
354 762 419 813 ad
459 761 684 813 modum
720 762 894 813 Bentl.
928 779 1148 814 carmen
1179 763 1402 817 Horatii
1441 771 1592 824 12.‚1.
1630 770 1721 824 ΠΙ.
1760 774 1872 827 dis..

150 850 362 920 posuit,
402 848 708 900 Boeckhius
741 856 920 899 autem
957 848 1025 900 de
1059 867 1137 918 gr.
1166 859 1302 920 trag.
1339 854 1512 923 princ·
1549 875 1606 927 p.
1633 859 1752 928 517.
1787 861 1875 912 lo-

153 951 276 987 cum
301 935 494 1006 Eurip.
523 932 716 987 Bacch.
745 952 809 1004 79
835 951 946 1004 sqq.
985 940 1051 1006 95
1080 955 1190 1006 sqq.
1266 937 1476 1007 Quodsi
1511 960 1582 994 ex
1607 962 1689 1008 ec,
1728 945 1872 1015 quod

147 1022 424 1074 Horatius'
451 1023 507 1073 in
551 1022 647 1074 illo
696 1021 940 1074 carmine
985 1023 1176 1076 Alcaei
1227 1044 1488 1079 numer-os
1526 1040 1737 1083 secutus
1775 1041 1882 1096 est,-

145 1116 531 1176 argumentum
591 1108 755 1160 etiam
816 1109 1101 1180 utriusque
1162 1113 1417 1166 carminis
1476 1116 1652 1169 simile
1708 1111 1873 1171 fuisse

90 1207 93 1209 ’
144 1197 413 1248 coniicere
451 1195 600 1254 licet,
641 1204 698 1246 ut
728 1195 947 1247 Horatii
977 1215 1198 1249 carmen
1236 1199 1301 1251 ad
1341 1201 1581 1270 puellam
1607 1205 1869 1275 scriptum

145 1292 253 1345 est,
313 1300 502 1334 amore
536 1281 712 1332 Hebri
750 1290 1115 1346 aestuantem,
1169 1285 1248 1336 sic
1291 1287 1351 1338 in
1398 1288 1590 1340 Alcaei
1629 1282 1885 1343 carmine¹

141 1369 324 1441 puella
361 1368 514 1439 gravi
552 1386 740 1420 amore
784 1368 962 1421 saucia
999 1371 1256 1424 miseram
1296 1383 1499 1427 sortem
1539 1394 1693 1429 suam
1733 1396 1870 1431 con-

140 1473 372 1526 querens
406 1456 625 1508 inducta
661 1453 826 1508 fuisse
865 1457 1099 1510 videtur.

276 1627 461 1680 LXX.
520 1628 817 1698 Hephaest.
860 1649 910 1700 p.
945 1631 1028 1681 51.
1069 1630 1267 1703 (12290-
1307 1635 1392 1689 ed.
1428 1636 1622 1706 Gaisf.)
1669 1635 1869 1701 ἔνδοξόν

137 1718 244 1770 ἐστι
278 1716 360 1767 καὶ
398 1709 737 1767 ἐπισῦνθετον
773 1717 858 1767 καὶ
889 1713 945 1766 τὸ
979 1714 1430 1789 διπενθημιμερὲς,
1475 1719 1532 1776 τό
1568 1724 1868 1793 ἓγκωμιολο-

135 1801 273 1874 γικὸν
310 1797 641 1867 καλούμενον,
691 1796 815 1871 ὅπερ
853 1801 990 1854 ἐστὶν
1028 1804 1083 1853 ἐκ
1123 1802 1424 1859 δακτυλικοῦ
1464 1814 1866 1880 πενθημιμεροῗς

54 1916 66 1928 κ
132 1892 215 1943 καὶ
260 1890 496 1959 ἶαμβικοῦ
542 1889 633 1938 τοῦ
676 1887 816 1949 ἴσου,
878 1881 918 1953 ᾧ
966 1890 1202 1956 κέχρηται
1247 1893 1337 1958 μὲν
1383 1897 1477 1946 καὶ
1509 1895 1760 1961 Ἀλκαῖος
1811 1900 1865 1952 ἐν

134 1974 348 2050 ᾅσματι,
397 1969 457 2028 οὗ
493 1970 527 2042 ἡ
564 1971 722 2053 ἀρχή·

405 2057 440 2126 ’ἧ
480 2057 529 2127 ῥ’
573 2061 647 2111 ἔτι
684 2060 942 2126 Δινομένει
975 2063 1045 2129 τῷ
1092 2060 1379 2134 Ἰὐρῥακῇῳ

406 2143 618 2213 τῖἱρμενα
659 2141 860 2212 λαμπρά
898 2146 1038 2205 κέατ’
1082 2149 1137 2200 ἓν
1174 2150 1443 2220 μυρσιτήῳ.

132 2232 321 2286 Ursin.
370 2253 423 2304 p.
475 2232 590 2288 104.
662 2231 863 2283 Blomf.
926 2253 1013 2287 nr.
1063 2233 1184 2285 XL.
1278 2235 1496 2307 Longas
1549 2241 1858 2299 criticorum

135 2321 550 2392 disputationes,
590 2318 781 2388 quibus
819 2330 1002 2372 tamen
1039 2320 1176 2373 nihil
1204 2322 1459 2377 effectum
1492 2337 1597 2392 est,
1635 2328 1860 2397 Pauwii,

132 2408 402 2471 Arnaldi‚
452 2407 713 2459 Dorvillii
767 2406 966 2475 (vann.
1005 2408 1123 2460 crit.
1163 2427 1216 2480 p.
1253 2410 1353 2479 471
1394 2412 1547 2481 sqq.)
1597 2419 1861 2486 congessit

134 2495 394 2548 Gaisford
435 2513 484 2567 p.
522 2493 622 2546 345
659 2508 771 2561 sqq.
832 2487 865 2561 ἦ
907 2492 958 2562 ῤ’
999 2495 1074 2547 ἔτι
1125 2496 1258 2567 (pro
1300 2513 1408 2566 quo
1446 2499 1628 2568 Pauw.
1665 2499 1729 2572 ἦρ
1768 2506 1858 2568 ἔτι,

130 2601 222 2634 νει·
257 2584 430 2633 adhuc
469 2593 572 2641 est,
636 2579 669 2632 i.
708 2599 752 2630 e.
788 2582 1023 2650 fortuna
1060 2602 1325 2648 prospera
1371 2597 1421 2634 et
1466 2607 1641 2640 rerum
1686 2603 1857 2642 status

132 2673 359 2718 maxime
387 2669 593 2735 laetus)
629 2667 882 2719 firmatur
907 2667 1029 2718 loco
1055 2667 1321 2739 Apollon.
1349 2670 1510 2741 Dysc.
1536 2674 1592 2726 in
1618 2675 1867 2729 Bekkeri·

130 2754 316 2807 anecd.
355 2754 423 2806 T.
451 2753 514 2803 Π.
553 2775 604 2826 p.
635 2759 756 2824 490.
793 2755 1090 2806 secundum
1119 2774 1278 2825 quem
1310 2775 1418 2809 una
1443 2777 1579 2810 voce
1615 2753 1697 2830 ἦρ’
1742 2762 1778 2814 i.
1805 2782 1853 2815 e.

126 2837 205 2910 ἆρ’
244 2841 611 2894 scribendum.
647 2871 717 2881 -
758 2840 868 2892 Pro
901 2844 1160 2907 Διι·ομεί·ει
1196 2843 1279 2894 Fl.
1314 2844 1388 2896 H.
1423 2843 1697 2916 διννομένη.
1743 2848 1869 2901 Ala

129 2946 320 2981 cacum
355 2947 511 2981 more
549 2929 720 2998 gentis
756 2946 884 2979 suae
925 2928 1008 2996 (v.
1049 2928 1227 2981 Koen.
1267 2930 1332 2981 ad
1372 2932 1606 3002 Gregor.
1643 2953 1700 3006 p.
1728 2934 1848 3004 587.

129 3014 249 3086 597.
285 3015 371 3068 ed.
401 3015 579 3086 Lips.)
617 3017 897 3084 Δενιόμένη
931 3015 1204 3087 scripsisse
1244 3036 1273 3069 e
1299 3021 1666 3075 consentiente
1702 3024 1849 3094 apud

128 3101 421 3176 Hephaest.
459 3113 511 3155 et
541 3103 746 3157 Athen.
785 3103 924 3168 (vid.
958 3103 1028 3157 fr.
1059 3103 1203 3171 LX.)
1243 3105 1511 3178 scriptura
1546 3110 1850 3182 suspicatur

129 3186 432 3241 Hermann.
473 3190 628 3242 elem.
670 3191 842 3245 doctr.
879 3199 1039 3244 metr.
1084 3209 1136 3261 p.
1179 3192 1300 3262 597.
1383 3192 1472 3246 De
1515 3194 1848 3261 Dinomene,

132 3272 359 3325 Gelonis
393 3285 578 3346 patre,
622 3278 1008 3348 quinquaginta
1044 3286 1186 3330 certe
1222 3278 1377 3331 annis
1411 3280 1657 3345 iuniore,
1695 3281 1846 3352 cogi-

130 3368 331 3411 tantem
377 3359 662 3420 Pauwium
706 3365 897 3417 acerbe
942 3363 1265 3434 perstrinxit
1311 3364 1545 3420 Dorvill.
1596 3368 1635 3421 l.
1680 3387 1723 3420 c.
1774 3399 1844 3410 —
