2293 3650
1190 242 1269 303 18

362 403 532 456 deor:
580 395 824 454 κτείνοντ’
854 392 1011 463 ἄνδρα
1046 395 1289 463 μαχαίταν
1323 386 1581 461 βασιλήων
1616 390 1685 459 (f.
1713 411 1766 445 τε
1793 391 1952 459 add.)
1983 403 2089 442 παῑ-

362 485 571 542 λαιστὰν
603 497 701 539 etc.
771 483 860 537 De
893 479 1259 538 Antimenida
1297 478 1460 532 etiam
1494 479 1658 550 Diog.
1695 479 1762 531 L.
1786 481 1862 546 ΙΙ,
1895 480 1978 533 46.
2018 497 2086 531 ex

359 575 594 631 Aristot.
629 572 752 625 libr.
791 572 894 622 III.
930 569 1048 640 περὶ
1083 567 1317 631 ποιητῶν.

499 745 608 800 ΙΧ.
641 744 835 798 Strabo
870 743 1034 799 XIII.
1067 762 1123 815 p.
1162 743 1284 797 600.
1323 738 1478 811 (895.
1514 737 1700 806 Alm.)
1742 735 1997 799 Πιττακὸς
2029 736 2080 792 δ’

362 835 435 897 εἷς
483 837 581 886 τῶν
627 830 757 886 ἔπτὰ
802 835 971 897 σοφῶν
1018 829 1299 900 λεγομένων
1343 820 1564 886 πλεύσας
1600 825 1688 875 ἐπὶ
1718 822 1806 876 τὸν
1844 822 2089 893 Φρύνωνα

360 917 638 991 στρατηγὸν
687 916 972 984 διεπολέμει
1023 921 1145 978 τέως
1204 913 1457 975 διατιθεὶς
1517 911 1603 964 καὶ
1646 907 1849 979 πάσχων
1904 915 2086 972 κακῶς·

360 1006 446 1062 ὅτε
488 1010 572 1061 καὶ
595 1005 832 1066 Ἀλκαῖος
871 1004 1025 1072 φησὶν
1070 1001 1096 1055 ὃ
1136 999 1349 1069 ποιητής
1392 1001 1445 1052 ἕν
1481 1020 1577 1051 τινι
1615 996 1765 1067 ἆγῶνι
1801 1001 1960 1058 κακῶς
1999 1018 2091 1063 φε-

359 1092 566 1164 ρόμενον
610 1088 790 1146 ἑαυτὸν
840 1090 902 1143 τὰ
958 1086 1094 1142 ὅπλα
1143 1085 1365 1156 ῥίψαντα
1414 1093 1604 1155 φυγεῖν.
1675 1084 1806 1154 λέγει
1859 1083 1915 1136 δὲ
1964 1080 2091 1151 πρός

360 1201 470 1234 τινα
508 1177 720 1249 κήρυκα,
759 1176 998 1239 κελειῖσας
1031 1173 1255 1245 ἆγγεῖλαι
1290 1180 1397 1235 τοῖς
1434 1175 1488 1226 ἐν
1527 1174 1672 1238 οἴκῳ,
1697 1171 1929 1232 Ἀλκαῖος
1966 1175 2091 1231 σῶος

357 1265 471 1336 ἄροι
507 1267 640 1321 ἔνθα
676 1266 730 1319 δ’
761 1264 854 1319 οὒκ
889 1261 1043 1318 αὐτόν
1093 1260 1182 1316 τὸν
1216 1259 1484 1332 ἆληκτορὶν
1520 1262 1571 1321 ἐς
1609 1256 1920 1313 Γλαυκωπόν
1956 1256 2092 1328 ἱερὸν

359 1356 637 1424 ἐκρέμασαν
659 1351 894 1406 Ἀττικοί.

497 1439 687 1494 Ursin.
734 1458 789 1511 p.
835 1441 951 1494 103.
989 1457 1020 1490 a
1059 1457 1148 1492 vv.
1185 1439 1318 1492 ἔνθα
1361 1436 1413 1490 δ’
1442 1436 1533 1490 οὐκ
1581 1445 1681 1488 ete.
1765 1433 1965 1486 Blomf.
2005 1453 2091 1486 nr.

359 1526 513 1580 LVI.
584 1528 930 1580 Illustrantur
968 1526 1069 1578 ista
1106 1526 1226 1578 Ioco
1265 1524 1540 1577 Herodoti
1576 1522 1652 1587 V,
1696 1522 1777 1593 95.
1813 1516 2092 1586 πολεμεόν-

357 1634 456 1667 των
493 1613 551 1666 δέ
599 1633 788 1680 σφεων,
849 1620 1068 1665 παντοῖα
1119 1613 1203 1663 καὶ
1239 1610 1368 1662 ἄλλα
1415 1613 1599 1678 ἐγίνετο
1651 1610 1704 1659 ἐν
1738 1612 1857 1676 τῇσι
1893 1606 2091 1679 μάχῃσι,

360 1702 416 1753 ἐν
449 1698 504 1752 δὲ
540 1696 604 1767 δὴ
642 1701 727 1751 καὶ
761 1698 996 1759 Ἀλκαῖος
1043 1694 1070 1750 ὅ
1112 1693 1357 1766 ποιητὴς,
1418 1692 1677 1762 συμβολῆς
1711 1698 1972 1764 γενομένης
2007 1696 2092 1748 καὶ

356 1781 604 1840 νικώντων
631 1784 957 1855 Ἀθηναίων,
997 1781 1151 1845 αὐτὸς
1186 1782 1277 1848 μὲν
1313 1777 1509 1851 φεύγων
1547 1777 1802 1849 ἐκφεύγει,
1849 1777 1909 1832 τὰ
1946 1780 2003 1833 δέ
2040 1784 2090 1833 οῖ

358 1869 496 1927 ὅπλα
543 1874 740 1940 ἴσχουσι
775 1873 1052 1940 Ἀθηναῖοι
1077 1906 1093 1934 ,
1155 1873 1238 1921 καί
1286 1889 1416 1934 σφεα
1475 1868 1812 1937 ἀνεκρέμασαν
1860 1865 1986 1936 πρὸς
2031 1866 2089 1921 τὸ

358 1953 646 2024 ὒΑθήναιον
666 1956 723 2011 τὸ
754 1960 808 2011 ἐν
839 1961 1034 2026 Σιγείῳ.
1070 1960 1229 2009 ταῦτα
1261 1955 1316 2009 δὲ
1343 1955 1577 2018 Ἀλκαῖος
1612 1959 1665 2009 ἐν
1701 1959 1843 2023 μέλεϊ
1876 1951 2092 2021 ποιήσας

360 2049 596 2101 ἐπιτιθεῖ
643 2047 695 2107 ἐς
743 2042 1076 2114 ΠῙυτιλήνην,
1129 2038 1538 2110 ἐξαγγελλόμενος
1585 2040 1641 2094 τὸ
1680 2044 1869 2094 ἑωυτοῦ
1912 2038 2090 2104 πάθος

359 2132 689 2201 ,Μελανίππῳ
734 2131 878 2200 ἀνδρὶ
924 2127 1098 2200 ἑτάρῳ.
1189 2130 1340 2182 Hinc
1385 2129 1651 2182 sententia
1703 2138 1848 2181 certe
1895 2127 2093 2182 Alcaei

359 2221 723 2294 perspicitur3
791 2219 963 2272 verba
1023 2226 1076 2270 et
1122 2217 1346 2269 numeri
1410 2217 1506 2269 vix
1565 2216 1783 2268 restitui
1841 2225 2088 2286 possunt,

363 2327 536 2380 quum
572 2306 767 2358 Strabo
807 2306 1075 2358 nonnulla
1111 2313 1321 2356 tantum
1363 2323 1432 2356 ex
1478 2302 1672 2355 Alcaei
1713 2304 1955 2355 carmine
1993 2323 2094 2356 ex-

365 2392 625 2465 cerpsisse
661 2392 932 2444 videatur.
1025 2391 1248 2444 Casaub.
1289 2408 1392 2442 em.
1428 2389 1669 2450 Ἀλκαῖος
1702 2387 1768 2450 ὥς
1803 2394 1928 2450 σῶος
1962 2387 2089 2457 ἄροι.

361 2485 487 2541 σῶος
547 2478 695 2530 deest
764 2478 824 2530 in
877 2478 1067 2530 Escur.
1127 2486 1352 2529 notante
1410 2476 1734 2530 Falconerio
1795 2476 1862 2528 ad
1914 2476 2091 2529 Strab.

365 2568 435 2620 T.
459 2568 526 2617 II.
553 2585 606 2637 p.
633 2563 753 2618 864.
789 2564 923 2628 (vid.
952 2565 1229 2618 Friedem.
1262 2565 1328 2616 de
1357 2565 1500 2616 med.
1531 2565 1653 2635 syll.
1679 2573 1825 2636 pent.
1863 2583 1914 2636 p.
1942 2565 2089 2629 555.)

365 2673 467 2727 pro
507 2673 572 2706 eo
607 2649 720 2714 σόος
753 2652 928 2704 Paris.
972 2670 1016 2704 1·
1090 2653 1154 2705 In
1191 2653 1402 2705 Herod.
1426 2652 1499 2716 ΙΙ,
1542 2652 1655 2705 181.
1695 2651 1769 2712 V,
1807 2651 1890 2722 96.
1930 2649 2091 2714 VIII,

365 2744 450 2814 59.
487 2741 641 2792 codd.
680 2749 971 2793 servarunt
1007 2735 1150 2799 σόος,
1191 2758 1360 2808 quum
1398 2740 1652 2792 ederetur
1687 2742 1830 2800 σῶος.
1903 2738 2091 2791 Maior

369 2828 631 2881 dubitatio
667 2829 724 2879 in
761 2844 874 2896 sqq.
902 2826 1148 2879 VVessel.
1175 2828 1242 2880 ad
1271 2827 1481 2880 Herod.
1510 2826 1650 2878 coni.
1681 2825 1915 2886 Ἀλκαῖος
1943 2828 2089 2886 σῶος,

364 2913 445 2985 ἄρ’
488 2918 536 2967 οἳ
574 2917 715 2968 ἔντεα
749 2913 797 2967 δ’
833 2913 951 2984 οὐχ,
992 2918 1189 2976 (salvas
1226 2928 1304 2964 est
1336 2917 1595 2976 AlcaeuS,
1632 2935 1737 2964 non
1777 2918 1901 2963 item
1935 2929 2092 2960 arma

368 3006 503 3063 eius)
552 2999 705 3054 αὗτὸν
753 2997 840 3052 τὸν
884 2999 1135 3069 ἆλκετῆρα
1182 3003 1235 3063 ἐς
1271 2999 1587 3053 Γλαυκωποῢ
1636 2998 1769 3068 ἱερὸν
1814 3000 2091 3066 ἐκρέμασαν

358 3087 604 3152 Ἀττικοί,
637 3086 915 3156 ἆλκετῆρα,
961 3088 1219 3158 clypeum
1257 3087 1489 3159 periculi
1528 3087 1963 3157 propulsatorem
2001 3085 2092 3137 in-

369 3173 657 3245 telligens;
717 3174 776 3227 in
827 3193 935 3245 quo
984 3176 1262 3227 soloecum
1308 3171 1391 3242 ἄρ’
1435 3177 1483 3226 οἱ
1531 3176 1573 3224 ἔ.
1622 3174 1670 3226 δ’
1705 3173 1794 3242 οὐχ
1830 3172 2091 3224 excidisse

372 3261 550 3315 :miror
597 3261 671 3316 V·
717 3260 788 3312 D.
839 3261 1107 3315 Valcken.
1153 3260 1227 3312 ib.
1323 3257 1462 3311 Ἀλκ.
1509 3264 1636 3320 σῶος
1682 3258 1743 3328 ἂρ
1792 3260 1872 3326 εἴη
1912 3253 2089 3311 ³2¹3&-

373 3346 464 3400 οὒκ
498 3343 676 3413 αὐτὸν,
712 3344 769 3401 τό
804 3347 865 3401 δ’
891 3342 1215 3418 ἀλεξητήριον
1253 3351 1512 3412 (corporis
1550 3352 1952 3410 munimentum,
1996 3340 2091 3412 τὴν
