2293 3650
991 261 1071 323 57

176 420 378 480 Blomf.
415 437 500 472 nr.
530 415 702 470 LXII.
763 416 826 470 In
863 416 994 468 Exc.
1034 415 1211 469 Maitt.
1247 417 1396 470 dedit
1429 438 1509 471 τοι
1542 417 1715 481 πλεας.
1786 390 1929 474 Sed'

176 510 236 562 in
262 506 444 558 codice
471 525 502 557 σ
533 504 695 556 finale
730 522 854 555 cum
886 522 994 573 seq.
1033 524 1087 554 π.
1128 504 1293 556 ductu
1330 505 1590 559 continuo
1625 506 1898 568 cohaeret,

177 591 324 663 quod
364 590 483 643 fieri
520 591 726 653 solere,
775 589 984 658 quoties
1021 609 1070 651 σ,
1105 610 1146 640 π
1184 601 1273 643 aut
1305 612 1334 642 τ
1370 602 1651 662 sequatur,
1688 593 1900 644 notavit

176 684 304 731 Bast
341 677 598 749 Append.
643 676 711 728 ad
748 676 919 746 Epist.
961 675 1078 727 crit.
1130 694 1184 745 p.
1226 695 1288 732 12
1329 698 1405 747 sq.
1505 678 1590 731 Cf.
1638 677 1786 731 idem
1830 679 1899 731 ad

178 765 414 834 Gregor.
456 764 584 816 Cor.
637 782 693 834 p.
735 764 854 816 600.
895 771 1005 814 not.
1037 765 1062 792 *
1108 760 1204 812 ubi
1241 763 1474 816 Hasium
1513 763 1671 824 πέλας
1717 766 1900 836 legere

175 861 382 904 monet.
452 851 608 911 ὃνίαις
644 859 722 901 est
756 867 860 920 pro
894 848 1053 909 ἇνίας.
1125 847 1232 900 Sed
1270 867 1373 919 pro
1407 845 1572 916 ὗμέων
1608 851 1901 920 legendum

178 938 396 990 videtur
433 935 618 1004 ἁμέων,
675 953 843 1003 quum
892 933 969 986 ibi
1007 934 1073 986 de
1110 933 1214 985 hac
1252 933 1435 988 forma
1477 945 1596 1006 agat
1634 937 1899 1008 Apollon.

178 1024 246 1076 de
284 1021 447 1090 ὗμέων
490 1029 747 1090 sequente
786 1021 1008 1073 demum
1046 1021 1258 1093 pagina.
1350 1021 1535 1091 Itaque
1573 1032 1750 1075 totum
1788 1022 1904 1076 fra-

175 1118 463 1180 gmentum
497 1109 574 1160 sic
612 1107 903 1178 legendum
941 1107 1188 1172 videtur,
1232 1118 1293 1160 ut
1330 1109 1478 1160 dedit
1513 1108 1745 1162 Blomf.;

460 1209 585 1281 μήδ’
627 1211 781 1272 ὂνίαις
819 1217 926 1272 τοῖς
963 1209 1119 1273 πέλας
1154 1208 1318 1279 ἇμέων
1355 1214 1604 1281 παρέχειν.

316 1384 575 1438 LXXIII.
613 1384 873 1437 LXXIV.
916 1384 1152 1437 LXXV.
1194 1383 1457 1436 LXXVI.
1519 1385 1652 1438 Ibid.
1690 1404 1742 1457 p.
1776 1387 1895 1441 563.

179 1471 264 1525 καὶ
297 1470 432 1542 παρὰ
469 1481 577 1536 τοῖς
615 1477 879 1535 Αἰολικοῖς
917 1471 971 1525 δὲ
1007 1468 1073 1532 ὥς
1107 1473 1161 1523 ἒν
1195 1475 1478 1539 παραθέσει
1513 1467 1834 1542 ἀνεγνώσθη·

461 1576 543 1641 ἔμ’
586 1574 716 1647 0235ch
755 1574 896 1628 τοῦτ’
937 1571 1063 1644 ἐγών
1100 1570 1335 1629 σύνοιδα·

463 1661 544 1727 ἔμ’
586 1660 723 1731 αὗτῳ
757 1657 1134 1730 παλαμάσομαι·

182 1761 300 1815 ἄλλ’
342 1758 549 1834 ἐμάχετο
587 1759 680 1815 τό·

468 1845 565 1902 νόω
588 1847 653 1901 ·ὂ’-
681 1842 842 1900 ἑαῦτω
875 1845 1086 1916 πάμπαν
1113 1848 1277 1917 ἇέῤῥει
1315 1848 1418 1918 (sic
1455 1849 1642 1903 codex.
1683 1869 1734 1903 v.
1762 1850 1909 1904 Bek-

1157 1935 1256 1987 ker
1296 1953 1349 2005 p.
1388 1933 1544 2003 454.)

182 2016 309 2090 ἅπερ
357 2016 616 2090 ἀσύνηθες
661 2021 717 2073 ἐν
761 2016 1018 2088 ἁπλότητι
1059 2016 1129 2089 μὴ
1175 2021 1285 2090 οὐχὶ
1333 2018 1389 2074 τὸ
1428 2040 1453 2073 ε
1488 2018 1910 2093 προσλαμβάνειν,

184 2107 267 2159 καὶ
301 2107 377 2160 ἔτι
415 2105 595 2174 ὁμοίως
632 2104 765 2176 παρὰ
800 2111 868 2176 τῷ
905 2107 1040 2175 αὐτῷ’
1069 2106 1283 2176 Ἀλκαίῳ
1320 2110 1372 2161 ἐν
1409 2107 1636 2177 ἑβδόμῳ·

471 2191 533 2246 σὺ
569 2193 829 2247 δὲσαυτω
866 2214 1136 2263 τομαισεση
1172 2193 1302 2247 αλλα
1337 2216 1503 2248 σαυτω
1539 2214 1752 2264 μετεχων

738 2285 877 2349 αβασ
914 2301 1212 2349 προσποσιν.

187 2377 438 2448 Quatuor
474 2388 784 2450 postrema,
836 2378 1037 2432 omisso
1076 2379 1257 2450 primo
1297 2377 1376 2445 ἔμ’
1412 2374 1544 2448 αὕτα
1579 2379 1721 2432 τοῦτ’
1756 2383 1826 2449 ἔγ.
1865 2404 1910 2437 σ.

189 2467 333 2536 quod
383 2466 694 2537 Sapphonis
743 2485 855 2519 esse
903 2467 1059 2530 dicit,
1120 2464 1323 2517 Blomf.
1371 2464 1532 2516 habet
1580 2486 1666 2518 nr.
1710 2466 1905 2523 LVIII.

188 2553 338 2607 LIX.
376 2552 499 2605 LX.
537 2551 686 2603 LXI.
758 2552 822 2603 In
845 2557 1026 2617 primo
1063 2557 1107 2604 si
1142 2572 1247 2621 pro
1283 2551 1425 2603 τοῦτ’
1460 2552 1735 2621 legeretur
1770 2553 1908 2624 τόδ’,

189 2648 325 2692 esset
359 2638 449 2690 hic
477 2639 641 2691 etiam
667 2657 928 2690 numerus
959 2638 1385 2692 choriambicus:
1424 2657 1490 2677 -υ
1525 2639 1604 2705 ἔμ’
1637 2639 1768 2711 αὕτα
1793 2640 1906 2699 τόδ’

188 2723 315 2794 ἐγὼν
348 2721 582 2789 σύνοιδα,
619 2735 677 2777 ut
711 2725 770 2777 in
806 2728 1062 2776 secundo.-
1114 2746 1185 2764 -v
1221 2724 1306 2794 ἔμ’
1339 2721 1468 2795 αὔτα
1500 2723 1873 2798 παλαμάσομαι.

326 2837 392 2890 In
428 2846 578 2890 tertii
610 2840 911 2911 genuinum
949 2840 1289 2911 grammatici
1337 2848 1547 2892 textum
1583 2840 1730 2895 hunc
1774 2865 1914 2900 esse:

191 2924 309 2979 ἄλλ’
352 2925 557 2996 ἐμάχετο
594 2924 679 2980 τό·
732 2926 848 2981 νοόν
893 2927 942 2981 δ’
989 2929 1148 2980 ἑαυτῶ
1183 2924 1393 2994 πάμπαν
1428 2924 1625 2995 ἆέῤῥει,
1688 2940 1912 2988 testatur

196 3014 340 3067 Bast.
381 3015 449 3066 ad
488 3015 723 3086 Gregor.
766 3015 894 3067 Cor.
943 3033 1000 3085 p.
1038 3016 1158 3070 280.
1212 3015 1347 3066 haec
1381 3015 1614 3067 addens:
1663 3016 1917 3089 μάχεσθαι

197 3103 274 3153 sic
304 3110 655 3173 usurpatum,
688 3111 749 3155 ut
784 3102 1051 3171 significet
1087 3107 1412 3153 contrarium
1448 3122 1554 3153 esse
1589 3104 1647 3156 in
1682 3107 1917 3160 aliorum

201 3188 368 3241 etiam
402 3189 887 3258 grammaticorum
923 3189 1135 3261 scriptis
1168 3190 1294 3240 satis
1332 3190 1523 3242 crebro
1561 3191 1828 3255 occurrit,
1859 3212 1914 3249 le.

205 3291 250 3324 c.
296 3276 470 3344 regul.
521 3275 589 3329 de
633 3277 854 3349 prosod.
906 3295 962 3347 p.
1000 3277 1121 3344 457.
1172 3276 1479 3329 Hermann.
1533 3273 1589 3328 τὸ
1622 3275 1800 3344 ἄγυνος
1834 3283 1920 3334 καὶ

208 3355 501 3429 ἃνδρόγυνος
537 3361 598 3415 οὗ
631 3358 848 3433 μάχεται.
905 3360 1134 3418 σύνθετα
1167 3359 1258 3432 γὰρ
1294 3364 1443 3418 ἐστίν.
1495 3361 1561 3414 cf.
1587 3361 1660 3413 id.
1686 3363 1744 3417 in
1766 3364 1915 3420 Add.
