2293 3650
1061 294 1143 358 39

243 450 440 502 lectum
477 445 791 512 Aeolicam,
850 465 955 519 qua
989 447 1224 503 Alcaeus
1273 468 1400 504 usus
1447 457 1553 516 est,
1612 449 1659 503 si
1693 451 1811 522 quis
1844 452 1960 507 eius

239 535 431 606 poetae
467 531 772 604 fragmenta
807 535 1094 606 diligenter
1128 536 1567 606 perlustraverit,
1611 536 1773 608 longe
1801 538 1960 610 plura

239 639 270 672 a
304 620 566 673 Dorismo
603 622 913 675 recedentia
948 623 1226 687 habuisse,
1279 641 1442 692 quam
1477 624 1536 676 in
1574 623 1680 676 hoc
1716 624 1959 678 carmine

237 716 558 771 occurrunt,
607 707 886 780 intelliget.
954 711 1104 763 Nam
1139 708 1272 781 quid
1308 709 1446 762 inest
1484 709 1543 762 in
1578 710 1683 762 hoc
1715 711 1958 764 carmine

236 792 462 846 dialecto
500 793 761 848 Aeolicae
796 797 1118 868 proprium,
1176 794 1282 848 nisi
1321 795 1618 848 nonnullae
1655 798 1960 850 verborum

231 876 475 945 formae,
511 899 639 951 quas
668 882 1030 947 Grammatici
1054 882 1321 935 Aeolibus
1345 881 1620 945 tribuunt,
1653 892 1714 934 ut
1745 880 1960 951 ὅρπετον

232 983 337 1036 pro
372 971 578 1037 ἕρπετον
624 987 677 1022 v.
700 969 804 1027 „13.
858 968 1219 1039 (quamquam
1256 970 1322 1022 ab
1363 988 1388 1022 ε
1423 967 1484 1021 in
1523 988 1550 1022 ο
1587 969 1850 1023 mutanda
1892 988 1966 1022 ne

230 1052 408 1105 Dores
446 1054 667 1122 quidem
702 1054 1016 1109 abstinuisse
1052 1056 1212 1110 docet
1248 1055 1536 1111 Koen.'ad
1563 1056 1801 1125 Gregor.
1831 1054 1966 1109 Cor.

235 1157 289 1211 p.
323 1139 454 1201 280,
491 1141 614 1205 25.)
665 1138 842 1207 ὕμοιον
887 1161 942 1198 V.
985 1159 1071 1195 20.
1119 1138 1366 1210 στύματος
1415 1151 1467 1196 et
1511 1141 1812 1212 πεδέρχομαι
1858 1158 1964 1213 pro

231 1225 525 1294 μετέρχομαι
561 1245 614 1279 v.
644 1228 731 1284 25.
771 1229 902 1283 πέδα
937 1247 1041 1301 pro
1076 1226 1200 1298 μετά
1236 1249 1289 1283 v.
1315 1227 1421 1284 58?
1470 1228 1618 1281 Nam
1642 1222 1702 1289 ἇς
1738 1245 1843 1299 pro
1876 1231 1968 1288 ἕως

229 1328 285 1363 v.
319 1326 402 1363 20.
445 1329 558 1364 non
595 1321 707 1368 tam
747 1316 991 1369 Aeolum
1028 1325 1137 1380 est,
1189 1333 1356 1386 quam
1387 1313 1788 1379 Doriensiumf,
1851 1311 1966 1366 vid.

228 1396 407 1450 Koen.
442 1399 511 1451 ad
545 1400 713 1471 Greg.
755 1402 884 1457 Cor.
924 1421 976 1474 p.
1007 1402 1093 1459 81.
1128 1401 1188 1456 τύ
1226 1421 1330 1476 pro
1369 1397 1432 1455 σύ
1469 1409 1521 1454 et
1554 1419 1659 1472 pro
1693 1401 1752 1453 σε’
1788 1397 1963 1452 encli-

228 1485 336 1537 tico
384 1504 438 1539 v.
473 1486 559 1539 25.
611 1489 776 1541 etiam
821 1490 1095 1543 Doricum
1144 1499 1255 1554 est3
1325 1487 1444 1544 vid.
1482 1488 1670 1559 Toup.
1704 1483 1855 1540 Add.
1894 1485 1965 1539 ad

227 1571 469 1625 Theocr.
504 1572 560 1634 I,
594 1573 646 1627 5.
695 1575 823 1644 (qui
857 1584 1043 1629 tamen
1077 1576 1140 1630 in
1175 1595 1241 1629 eo
1278 1575 1519 1641 fallitur,
1581 1572 1728 1644 quod
1767 1573 1825 1625 τέ
1861 1588 1967 1643 pro

225 1660 284 1712 σέ
319 1667 644 1730 usurpatum
680 1665 877 1728 negat)
913 1660 1182 1731 Apollon.
1211 1661 1383 1714 Bekk.
1420 1681 1475 1734 p.
1507 1660 1721 1723 528.2et
1751 1665 1967 1713 tantum

229 1746 412 1812 abest,
451 1754 509 1798 ut
543 1746 702 1812 ῥέθος
737 1764 842 1815 pro
877 1745 1151 1814 πρόσωπον
1185 1766 1237 1800 v.
1271 1747 1349 1800 16.
1388 1765 1500 1799 vox
1537 1747 1606 1798 sit
1631 1766 1783 1800 mere
1810 1745 1970 1801 Aeo-

227 1833 361 1898 lica,
404 1842 466 1884 ut
501 1851 564 1884 ea
595 1831 759 1882 etiam
785 1831 1012 1900 Tragici
1048 1834 1130 1885 usi
1162 1834 1300 1897 sint,
1333 1842 1396 1885 ut
1430 1831 1605 1905 Soph.
1627 1830 1817 1900 Antig.
1841 1830 1969 1900 529·

224 1918 419 1991 Eurip.
455 1919 623 1971 Herc.
662 1914 703 1968 f.
746 1930 898 1977 1207.
961 1916 1058 1969 ubi
1106 1916 1220 1970 vid.
1269 1917 1495 1971 Barnes.
1580 1917 1716 1969 Non
1764 1915 1969 1968 rectius

226 2006 397 2076 igitur
435 2005 542 2058 dici
577 2003 780 2076 poterit
815 2002 922 2056 hoc
956 2022 1178 2056 carmen
1209 2002 1438 2055 dialecto
1469 2002 1675 2057 aeolica
1701 2000 1970 2072 scriptum

229 2113 373 2152 esse,
411 2111 576 2162 quam
614 2089 820 2142 cantica
855 2090 1031 2160 lyrica
1064 2089 1124 2142 in
1150 2088 1443 2142 atticorum
1474 2088 1766 2160 poetarum
1804 2086 1967 2140 fabu-

225 2181 291 2234 lis
328 2180 543 2240 dorica3
603 2177 798 2228 eodem
836 2176 1000 2228 etiam
1034 2176 1159 2228 iure
1201 2193 1426 2227 carmen
1465 2173 1553 2227 28.
1589 2174 1736 2226 :inter
1772 2173 1967 2233 Theo-

228 2262 715 2320 critea⁴Aeolicum
744 2263 851 2315 dici
884 2263 1051 2334 possit
1079 2282 1206 2315 cum
1243 2269 1566 2313 annotatore
1605 2258 1963 2323 Vimariensi,

225 2372 388 2425 quem
424 2371 479 2424 p.
507 2350 589 2405 28.
623 2349 810 2402 laudat
838 2348 1224 2402 Thierschius:
1263 2347 1322 2400 in
1356 2365 1464 2417 quo
1499 2355 1718 2419 praeter
1751 2343 1963 2398 formas

226 2440 489 2502 aeolicaS,
548 2446 610 2489 ut
657 2456 712 2490 v.
749 2437 801 2491 5.
855 2430 1050 2505 ὗμάρτη
1099 2454 1201 2507 pro
1249 2428 1454 2501 ὃμὰρτει.
1497 2433 1556 2486 in
1594 2449 1782 2504 apogr.
1823 2428 1964 2486 Ald.

226 2525 486 2595 (fortasse
524 2524 689 2576 etiam
723 2519 1012 2592 βόλλεσθαι.
1051 2541 1158 2593 pro
1193 2517 1508 2591 βούλεσθαι,
1567 2512 1813 2579 ὃππάζειν
1854 2533 1960 2588 pro

225 2609 457 2676 ὀπάζειν,
500 2609 683 2681 χέξιρας
718 2629 821 2681 pro
855 2610 998 2678 χέρας
1032 2625 1084 2663 v.
1111 2626 1163 2680 9.
1201 2616 1264 2661 ut
1289 2604 1526 2675 φθέρῥω,
1566 2605 1813 2659 Aeolum
1840 2620 1962 2656 ma-

226 2700 305 2769 gis
347 2717 515 2769 quam
564 2695 923 2749 Doriensium
971 2694 1200 2767 propria
1248 2702 1402 2757 sunt,
1467 2692 1581 2746 vid.
1619 2691 1790 2760 Greg.
1828 2688 1961 2743 Cor.

226 2804 285 2858 p.
324 2785 465 2853 286.)
502 2782 779 2854 reperitur
816 2781 979 2834 etiam
1017 2801 1131 2836 vox
1166 2799 1321 2836 mere
1357 2779 1620 2842 Aeolica,
1652 2770 1818 2846 βράκη
1855 2794 1961 2847 pro

228 2869 356 2941 ῥάκη
391 2891 445 2924 v.
475 2889 552 2923 ιι.
591 2888 646 2921 v.
684 2868 918 2936 Gregor·
951 2869 1076 2922 Cor.
1113 2889 1165 2941 p.
1195 2885 1316 2938 270.
1358 2867 1446 2921 ed.
1470 2866 1649 2919 Koen.
1690 2863 1810 2933 275.
1839 2864 1961 2918 310·

226 2959 332 3012 IX.
370 2978 421 3029 p.
448 2960 568 3029 529·
605 2955 648 3006 I.
685 2963 925 3006 metrum
951 2955 1115 3008 etiam
1143 2975 1254 3008 non
1283 2955 1493 3016 minUS,
1529 2970 1694 3022 quam
1718 2958 1962 3003 metrum

232 3045 490 3098 carminis
531 3060 614 3114 29.
650 3061 719 3094 ex
750 3061 815 3094 eo
850 3060 1051 3112 genere
1087 3052 1191 3105 est,
1236 3040 1380 3110 quod
1412 3039 1650 3093 Alcaeus
1685 3033 1962 3109 imprimis

230 3129 619 3201 frequentavit,
657 3127 1102 3193 choriambicum.
1174 3128 1281 3180 Sed
1306 3126 1443 3180 illud
1476 3125 1704 3196 quidem
1740 3139 1984 3198 carmenx

232 3215 347 3288 ipse
371 3216 730 3272 Thierschius
766 3215 907 3270 vidit
941 3234 1055 3269 non
1086 3233 1245 3288 posse
1279 3214 1348 3268 ad
1371 3214 1644 3269 Alcaeum
1681 3219 1961 3265 auctorem

234 3300 465 3356 referri:
511 3314 591 3357 est
629 3304 778 3357 enim
817 3322 851 3357 a
886 3302 1049 3375 poeta
1085 3302 1426 3373 Syracusano
1474 3307 1567 3367 (v.
1606 3298 1685 3354 16.
1727 3300 1841 3363 17.)
1887 3291 1958 3344 ad

238 3388 464 3455 Niciae,
507 3390 733 3457 medici,
795 3389 862 3443 ad
900 3407 1065 3460 quem
1102 3387 1304 3460 scripta
1348 3398 1474 3443 sunt
1518 3387 1681 3441 etiam
1717 3378 1961 3434 carmina
