2293 3650
993 230 1067 287 11

166 383 325 437 duma
363 381 450 441 sic,
474 380 620 434 enim
658 381 777 433 cod.
815 379 889 434 A.
928 389 1184 452 excerpta
1227 381 1454 439 Casaub.
1503 386 1664 438 etiam
1704 385 1890 440 Ursin.

162 489 266 541 pro
303 470 644 538 βεβλημένον,
693 468 839 538 quod
892 469 1115 521 Casaub.
1164 479 1379 523 mutare
1429 473 1646 526 volebat
1698 475 1755 526 in
1805 479 1897 543 βε-

162 555 440 624 βλημένων,
477 562 782 621 occisorum,
820 556 1172 628 adstipulante
1207 557 1343 610 Iani.
1380 592 1450 599 —
1499 560 1570 614 V.
1609 561 1659 614 6.
1697 560 1897 614 Χαλκι-

165 642 298 694 δικαὶ
337 637 542 696 σπάθαι
591 644 881 696 illustravit
919 643 1144 696 Casaub.
1201 644 1267 694 ad
1306 645 1510 698 Athen.
1547 648 1737 702 Ursin.
1772 648 1898 719 χαλ-

163 727 264 780 κίδι
302 729 384 780 καὶ
420 750 506 780 σπ.
545 732 924 791 Κυππαττίδες.
977 729 1321 796 PolluxVII,
1357 732 1440 784 60.
1475 730 1500 785 ὅ
1532 734 1778 798 κύπασσις
1816 736 1899 788 λί-

163 835 253 867 νου
288 820 570 884 πεποίητο,
616 817 818 886 σμικρὸς
852 820 1138 886 χιτωνίσκος
1178 813 1288 887 ἶίχρι
1313 822 1470 886 μέσου
1507 826 1688 888 μηροῦ.
1761 823 1895 876 Vid.

162 901 350 975 Toup.
387 904 454 955 ad
496 905 647 958 Suid.
685 906 727 956 I.
778 924 830 976 p.
872 906 993 972 575.
1053 904 1260 958 Jacobs.
1303 907 1370 959 ad
1409 907 1578 960 Anal.
1628 908 1722 960 ΒΓ.
1762 909 1806 972 Ι,
1849 926 1898 962 2.

160 1009 217 1060 p.
245 991 331 1062 59.
367 1023 439 1032 -—-
473 994 530 1041 V.
561 1010 611 1060 7.
654 990 891 1044 λαθέσθ’
933 1011 1039 1064 pro
1078 991 1348 1046 λαθέσθαι
1387 995 1540 1048 dedit
1574 996 1711 1058 Iani,
1750 997 1897 1048 idem

158 1077 215 1128 in
263 1097 328 1130 eo
377 1077 544 1130 falsus
591 1079 738 1148 quod
785 1075 880 1131 ὑπ’
947 1080 1088 1149 ἔργον
1137 1091 1326 1133 contra
1375 1067 1617 1134 metrum
1663 1083 1899 1155 scripsit.

160 1164 294 1218 Erat
327 1161 429 1218 ὗπὸ
465 1167 626 1234 ἔργον.
701 1167 792 1220 Sic
830 1166 997 1220 etiam
1022 1166 1302 1220 Gaisford.
1342 1170 1408 1222 ad
1436 1170 1622 1240 Heph.
1663 1189 1714 1240 Ρ.
1745 1173 1866 1224 514.

300 1341 374 1393 II.
435 1340 719 1395 Heraclid.
777 1342 936 1395 Pont.
1003 1342 1071 1394 de
1129 1341 1285 1412 alleg.
1336 1342 1511 1396 Hom.
1564 1364 1618 1416 Ρ.
1671 1346 1751 1398 15.
1815 1346 1899 1397 ed.

159 1426 372 1483 Schow.
412 1432 504 1499 (p.
542 1427 664 1482 415.
701 1428 781 1481 ed.
823 1427 1034 1499 Gale.)=
1072 1431 1125 1480 ἒν
1161 1432 1353 1490 ἱκανοῖς
1389 1429 1443 1483 δὲ
1480 1433 1563 1484 καὶ
1600 1431 1684 1484 τόν
1721 1438 1901 1485 illun-

158 1513 367 1584 ληναῖον
403 1514 676 1583 μελοποιὸν
714 1511 991 1586 εὑρήσομεν
1022 1515 1425 1586 ἆλληγοροῢντα·
1468 1515 1555 1578 τὰς
1592 1517 1681 1590 γὰρ
1720 1542 1902 1588 τυραν-

156 1599 293 1663 νικὰς
338 1605 561 1664 ἐξουσίας
599 1607 822 1670 χειμερίῳ
866 1599 1180 1669 προσεικάζει
1228 1603 1577 1675 καταστήματι
1612 1605 1898 1678 θαλάσσης,

158 1687 402 1757 ἆσυνέτην
449 1690 532 1740 καὶ
569 1693 668 1740 τῶν
701 1688 895 1755 ἀνέμων
929 1684 1128 1739 στάσιν·

308 1774 383 1827 Τὸ
421 1774 513 1840 μὲν
548 1771 638 1843 γὰρ
677 1775 832 1826 ἔνθεν
867 1777 1002 1838 κῦμα
1039 1773 1336 1839 κυλίνδεται,

369 1859 428 1914 τὸ
463 1861 513 1914 δ’
557 1864 742 1914 ἔνθεν·
779 1857 936 1928 ἄμμες
973 1859 1022 1913 δ’
1065 1858 1125 1912 ἂν
1166 1859 1222 1912 τὸ
1260 1865 1444 1930 μέσσον
1478 1908 1481 1910 ,

441 1950 531 2002 ναῒ
563 1945 839 2018 φορήμεθα
886 1947 979 2001 σὺν
1028 1946 1252 2019 μελαίνᾳ,

301 2040 500 2108 χειμῶνι
547 2039 855 2107 μοχθεῧντες
902 2031 1100 2104 μεγάλῳ
1145 2033 1335 2089 κάλαν·

301 2123 405 2192 πὰρ
432 2123 521 2187 μὲν
556 2124 646 2192 γὰρ
684 2121 863 2183 ἄντλος
899 2123 1172 2175 ἱστοπέδαν
1208 2125 1324 2193 ἔχει,

371 2211 552 2276 λαῖφος
589 2209 644 2262 δὲ
681 2214 781 2261 πᾶν
820 2207 1034 2278 ζάδηλον
1070 2208 1186 2278 ἤδη,

446 2300 530 2351 καὶ
570 2295 767 2359 λακίδες
799 2294 1008 2366 μεγάλαι
1044 2298 1160 2350 κατ’
1204 2294 1350 2352 αὐτό.

301 2384 478 2456 χαλᾶσι
514 2385 564 2439 δ’
600 2383 808 2455 ἄγκυραι
850 2415 917 2425 --
954 2416 1022 2425 —
1059 2414 1125 2423 -—
1165 2414 1233 2424 -—

165 2479 239 2537 τίς
282 2475 374 2528 οὐκ
423 2473 484 2527 ἂν
532 2471 697 2534 εὐθὺς
744 2475 801 2526 ἐκ
848 2476 941 2542 τῆς
992 2468 1365 2543 προτρεχοῦσης
1411 2475 1527 2545 περὶ
1576 2473 1668 2530 τόν
1713 2475 1902 2533 πόντον

162 2566 384 2623 εἰκασίας
431 2561 623 2628 ἆνδρῶν
660 2561 1012 2626 πλωϊζομένων
1049 2557 1333 2613 θαλάττιον
1371 2561 1499 2614 εἶναι
1550 2569 1764 2631 νομίσειε
1802 2566 1902 2634 φό-

163 2655 288 2721 βον,·
323 2648 442 2702 ἀλλ’
486 2647 576 2718 οὗχ
614 2643 771 2707 οὕτως
799 2649 921 2717 ἔχει·
961 2646 1231 2719 ΆΙυρσίλος
1256 2646 1347 2719 γὰρ
1386 2646 1410 2702 ὃ
1452 2649 1759 2720 δηλούμενός
1795 2658 1904 2709 ἐστι

162 2738 248 2790 καὶ
274 2733 538 2806 τυραννική
576 2731 702 2787 κατὰ
739 2733 1105 2805 ,[Πυτιληναίων
1141 2738 1426 2807 ἕγειρομένη
1468 2736 1720 2803 σύστασις.

303 2826 492 2879 Ursin.
532 2845 587 2897 Ρ.
631 2840 751 2878 102.
803 2823 1008 2878 Blomf.
1046 2843 1131 2877 nr.
1167 2825 1241 2877 ΙΙ.
1295 2825 1665 2883 Elaborarunt
1701 2828 1758 2881 in
1795 2829 1901 2883 hoc

163 2912 474 2984 fragmento
531 2911 875 2965 emendando
929 2911 1091 2984 Casp.
1139 2912 1326 2965 Barth.
1389 2913 1455 2965 ad
1510 2915 1797 2970 Claudiam.
1849 2939 1901 2991 p.

167 3004 287 3070 755.
328 3002 400 3055 D.
432 3000 694 3053 Heinsius
733 3001 796 3052 ad
839 2999 939 3053 Sil.
980 3000 1099 3053 Ital.
1137 3000 1215 3064 X,
1243 3001 1362 3058 525.
1399 3002 1606 3055 Iacobs.
1645 3004 1712 3056 ad
1734 3005 1900 3058 Anal.

166 3087 261 3142 Br.
297 3089 342 3152 I,
388 3107 431 3141 1.
485 3108 538 3161 p.
576 3090 694 3159 593.
779 3088 1087 3141 Hermann.
1139 3088 1295 3140 elem.
1350 3088 1522 3142 doctr.
1560 3108 1632 3142 m·
1682 3110 1738 3162 p.
1777 3093 1900 3146 638.

168 3172 338 3228 Deest
375 3195 518 3228 unus
568 3176 872 3229 versiculus
915 3176 981 3228 ab
1021 3175 1196 3228 initio,
1269 3174 1343 3228 V.
1378 3177 1428 3228 4.
1482 3176 1671 3229 Ursin.
1708 3175 1901 3247 μεγάλῳ

169 3257 329 3324 κάλα,
374 3263 410 3314 i.
446 3283 493 3315 e.
530 3260 593 3314 τὰ
627 3266 720 3331 τῆς
755 3260 878 3326 νεὼς
914 3259 1066 3327 ξύλα,
1104 3273 1164 3315 ut
1199 3262 1258 3315 in
1295 3264 1436 3317 notis
1474 3283 1527 3336 p.
1569 3263 1686 3317 514.
1725 3264 1902 3316 iuter-

168 3356 434 3419 pretatur.
492 3350 687 3404 Herm.
741 3371 782 3419 χ.
821 3371 871 3417 μ.
907 3347 1103 3421 μεγάλῳ
1138 3345 1314 3404 κάλων.
1400 3346 1626 3417 ,,Κάλων
1659 3355 1898 3423 reposuit
