2293 3650
1163 248 1203 306 6

307 412 515 468 Athen.
564 429 620 479 p.
671 407 790 461 450.
847 404 910 456 C.
958 402 1031 455 D.
1091 400 1297 470 colligit
1348 400 1563 453 Fabric-
1618 400 1758 453 Bibl.
1815 418 1894 470 gr.
1947 399 2042 452 sed

307 508 487 573 potest
529 497 620 549 illa
670 489 958 563 explicatio
996 488 1160 562 petita
1203 507 1315 540 esse
1353 507 1384 539 e
1409 488 1621 540 Seleuci
1656 488 1884 540 Glossis.
1926 487 2040 539 vid.

309 583 614 653 Schweigh.
636 581 830 633 'Index
858 587 1161 631 auctorum·
1200 576 1569 628 Chamaeleon
1591 585 1772 627 autem
1788 575 2044 628 Ponticus

307 674 367 726 in
408 671 550 724 libro
590 669 658 720 de
693 667 954 722 ebrietate
992 665 1187 719 Alcaei
1223 665 1410 717 locum
1461 661 1534 718 fr.
1566 662 1796 714 XXXI.
1838 671 2046 735 tracta-

310 767 494 823 verat,
542 766 604 809 ut
635 757 857 809 monuit
895 753 1201 806 Casaubon.
1244 751 1311 802 ad
1352 749 1560 804 Athen.
1594 751 1671 802 X.
1715 770 1761 804 c,
1799 751 1847 804 8.
1920 752 2048 803 Ho-

310 846 596 920 rapollinis
642 839 917 910 ὗπόμιημα
953 839 1188 891 Ἀλκαίου
1237 847 1637 890 commemorat
1680 837 1834 891 Suid.
1873 838 1940 890 T.
1970 841 2046 890 ΙΙ.

311 955 363 1007 p.
406 936 524 1000 760.
590 942 643 986 et
691 929 984 983 Dracontis
1033 926 1453 979 Stratonicensis
1513 925 1724 978 librum
1781 926 1899 996 περὶ
1945 946 2047 978 των

298 1021 539 1075 Ἀλκαίου
577 1020 740 1088 μελῶν
781 1018 930 1070 idem
968 1016 1037 1068 Τ.
1074 1017 1118 1066 Ι.
1157 1033 1212 1084 p.
1251 1013 1371 1068 626.

452 1109 787 1179 Fragmenta
834 1103 1028 1158 Alcaei
1085 1102 1294 1171 aliquot
1342 1100 1556 1172 primus
1609 1099 1826 1167 collegit
1875 1098 2049 1150 Mich.

312 1196 577 1250 Neander
594 1192 1002 1264 Gnomologiae
1038 1212 1078 1244 s.
1117 1187 1495 1258 Aristologiae
1531 1185 1854 1240 Pindaricae
1881 1187 2050 1240 Basil.

316 1283 472 1336 1556.
528 1283 577 1336 8.
641 1283 881 1341 subiecta
926 1301 979 1352 p.
1027 1277 1147 1330 424.
1207 1296 1332 1329 cum
1394 1274 1676 1328 sententiis
1730 1274 2056 1338 SimonidiS,

312 1368 702 1431 Anacreontis,
745 1368 1146 1438 Bacchylidae,
1188 1364 1518 1421 Stesichori,
1569 1361 1822 1433 Sapphus
1867 1370 1920 1413 et
1944 1362 2057 1414 Al-

318 1457 542 1509 cmanis.
617 1457 884 1510 Successit
918 1457 993 1509 H.
1035 1454 1377 1527 Stephanus:
1431 1455 1741 1501 Carminum.
1771 1452 2056 1516 po‘e'tarum

314 1565 525 1607 novem,
577 1549 775 1611 lyricae
804 1547 1021 1611 poeseos
1051 1547 1399 1608 principum,
1440 1541 1795 1605 fragmenta,
1845 1542 2058 1598 Alcaei,

318 1635 567 1698 Sapplzas
609 1646 659 1682 et
694 1636 950 1683 nonnulla
986 1636 1154 1680 etiam
1181 1632 1425 1678 aliorum.
1505 1628 1636 1674 Cum.
1673 1627 1851 1672 latina
1891 1630 2058 1675 inter-

306 1725 646 1782 pretatione,
706 1723 920 1784 partim
983 1720 1161 1766 solnta
1220 1717 1489 1773 oratione,
1539 1715 1749 1776 partim
1806 1718 2057 1762 carmine.

321 1804 473 1857 1560.
518 1823 598 1859 12.
646 1810 773 1856 Exe.
828 1796 996 1853 Henr.
1050 1803 1369 1866 Stephanus.
1413 1825 1482 1834 ·—-
1530 1799 1715 1847 Editio
1754 1799 1827 1848 II.
1879 1801 2059 1849 multis

315 1895 555 1941 versibus
597 1895 673 1940 acl
705 1893 903 1940 calcem
939 1892 1164 1939 adiectis
1203 1887 1544 1951 locupletata.
1590 1883 1741 1936 1566.
1776 1902 1857 1937 12.
1894 1903 2057 1957 saepe

317 1976 560 2030 Pindaro
591 1977 854 2050 Stephani
891 1976 1131 2038 adiecta,
1168 1974 1262 2025 sed
1302 1975 1373 2025 ita
1413 1981 1473 2023 ut
1514 1990 1691 2023 novus
1727 1970 2058 2042 paginarum

320 2066 458 2117 ordo
507 2066 752 2138 inCIPiat.
803 2092 872 2104 —-
940 2067 1040 2115 Ed.
1088 2065 1185 2112 III.
1235 2081 1298 2110 ex
1349 2064 1416 2109 H.
1465 2061 1643 2124 steph.
1694 2065 2058 2125 recognitione

319 2156 652 2219 quorundam
694 2155 1136 2218 interpretatione
1173 2152 1404 2198 locorum
1444 2160 1494 2197 et
1530 2151 1829 2195 accessione
1866 2150 2060 2212 {yrico-

318 2261 435 2290 ram
472 2244 772 2290 carminum
824 2241 1165 2303 locupletata.
1235 2238 1412 2284 Latet.
1455 2254 1540 2298 ap.
1577 2237 1646 2281 H.
1683 2234 1861 2298 Steph.
1906 2234 2059 2287 1586.

323 2344 406 2380 12.
439 2327 518 2379 ‘ad
575 2327 779 2378 calcem
826 2324 1073 2376 Pindari.
1112 2351 1179 2361 -
1241 2323 1337 2371 Ed.
1374 2324 1470 2372 IV.
1522 2325 1592 2371 Η.
1630 2323 1808 2385 Steph.
1849 2340 2059 2388 recogn.

321 2435 467 2482 quor.
502 2420 719 2478 interpr.
759 2415 850 2461 loc.
909 2424 959 2460 ec
995 2430 1106 2459 acc.
1157 2412 1251 2475 lyr.
1299 2427 1462 2457 carm.
1502 2411 1686 2473 locupl.
1735 2412 1862 2457 Exc.
1898 2411 2055 2459 Paul.

321 2503 624 2566 Stephanus
662 2500 814 2552 1600.
849 2516 927 2550 12.
967 2498 1033 2550 ad
1076 2497 1279 2548 calcem
1311 2494 1553 2546 Pindari.
1625 2493 1858 2546 Exstant
1892 2494 2059 2547 etiam

317 2586 624 2656 fragmenta
664 2586 796 2638 haec
837 2586 1147 2638 Graecolat.
1200 2602 1268 2635 ex
1316 2582 1390 2634 H.
1432 2581 1698 2653 Stephani
1736 2581 2058 2634 collectione

317 2675 375 2727 in
412 2676 663 2746 Corpore
701 2676 992 2746 poetarum
1023 2674 1389 2725 Graecorum.
1427 2670 1690 2723 Genevae
1733 2668 1885 2725 1614.
1925 2667 2022 2721 fol.

385 2777 392 2784 '
459 2763 639 2814 Multo
674 2763 892 2834 plenior
926 2771 1002 2813 est
1038 2759 1284 2816 collectio
1311 2757 1467 2810 Fulv.
1494 2755 1704 2808 Ursini.
1777 2757 1912 2810 Eius
1937 2757 2057 2808 edi-

319 2849 528 2901 tionem
567 2852 697 2902 anni
741 2851 890 2906 1568.
932 2850 981 2904 8.
1034 2847 1298 2918 usurpavi
1353 2865 1384 2898 a
1417 2844 1561 2898 Viro
1612 2845 1697 2896 lll.
1746 2843 2054 2897 Bliimnero

319 2957 349 2989 e
397 2937 646 2990 biblioth.
695 2939 968 2990 senatoria
1017 2934 1296 3007 Lipsiensi
1345 2931 1740 2985 humanissime
1801 2931 2055 3003 precibus

315 3025 452 3078 meis
502 3044 828 3077 concessam.
892 3025 998 3076 Sed
1040 3043 1071 3076 a
1096 3019 1534 3093 VVyttenbachio
1574 3017 1640 3069 ad
1680 3017 2054 3083 Plutarchum,

315 3132 364 3163 v.
403 3131 450 3165 e.
494 3133 550 3185 p.
587 3129 704 3184 292.
765 3123 1105 3165 memoratur
1155 3111 1320 3163 etiam
1372 3106 1539 3160 editio
1596 3105 1726 3157 anni
1768 3107 1917 3175 1567.
1975 3123 2053 3162 12.

315 3219 451 3270 quae
503 3201 724 3261 eadem,
783 3211 949 3270 put0‚
994 3209 1100 3259 est,
1153 3216 1317 3267 quam
1366 3194 1579 3248 Fabric.
1616 3193 1680 3245 B.
1720 3193 1821 3245 Gr.
1875 3193 1944 3245 T.
1982 3194 2055 3248 II.

314 3307 368 3358 p·
404 3287 488 3357 87.
539 3297 650 3341 not.
685 3288 741 3339 ll.
783 3288 1045 3359 Stephani
1095 3294 1254 3337 vocat
1302 3281 1704 3336 Plantinianam
1758 3280 2052 3351 Antwerp.

320 3374 485 3445 1567,
518 3393 597 3430 12.
683 3374 952 3429 Editionis
1001 3373 1203 3449 prioris
1254 3371 1343 3425 hic
1389 3369 1576 3424 titulus
1616 3376 1721 3421 est:
1791 3372 2050 3420 Carmina
