2293 3650
1029 253 1108 314 19

206 406 414 474 ἀσπίδα)
450 407 503 466 ἐς
537 409 854 460 Γλαυκωποῦ
890 403 1025 475 ἱερὸν
1057 407 1334 478 ἐκρέμασαν
1358 401 1592 458 Ἀττικοί.
1643 406 1712 460 de
1744 417 1923 461 metro

205 511 453 558 securus3
491 512 590 546 nec
620 493 710 546 οὐκ
747 488 904 546 αὐτόν
939 492 1258 564 quomodo
1242 512 1300 545 m
1326 492 1428 545 hac
1461 492 1813 548 verborum
1795 514 1926 547 mn-

206 589 357 632 ctura
393 589 537 632 stare
575 581 760 651 possit,
800 582 1057 650 intelligo.
1130 577 1291 630 Pro‘
1274 576 1385 645 άροι
1422 579 1592 633 I‘a1is.
1624 599 1672 636 1.
1708 592 1760 635 et
1795 583 1928 636 Mo·-

203 684 349 718 scov.
395 665 532 736 ἄρει,
594 668 739 736 quod
780 670 914 739 arril
941 669 1012 719 uit
1046 666 1428 718 Villebrunius
1476 686 1561 737 ap.
1606 669 1826 723 Falcon.
1874 678 1928 722 et

200 752 408 807 Blomf.
458 755 552 807 sed
593 775 704 806 non
751 755 938 816 vide0‚
1000 752 1278 823 quomodo
1314 763 1560 805 servatus
1600 757 1770 808 Marti
1817 754 1927 825 (sic

201 837 459 908 Villebr.)
512 841 616 893 dici
657 842 848 912 possit,
898 839 994 908 qui
1037 860 1064 892 e
1103 825 1322 912 proelio(
1362 839 1593 910 aufugit.
1674 841 1769 893 An
1816 840 1928 910 ἷλροο

203 935 283 978 est
320 928 386 978 ab
423 929 572 995 αἴρω,
635 937 695 978 ut
736 927 934 978 dicitur
970 928 1126 995 αἴρειν
1161 925 1324 988 πόδα,
1360 928 1556 976 abire?
1634 927 1787 980 Tum
1819 929 1929 981 Pa-

199 1013 293 1064 ris.
333 1015 382 1066 5.
433 1014 492 1066 οὗ
529 1020 690 1066 κεῖται
724 1010 810 1066 τὸν
853 1010 936 1065 ἄλ.
1006 1015 1196 1065 Escur.
1244 1011 1353 1083 οὕχι
1386 1010 1472 1068 τὸν
1507 1011 1589 1066 ἄλ.
1668 1014 1840 1067 Paris.
1883 1029 1931 1066 1.·

199 1095 495 1168 ἆλυκτορήν.
585 1100 713 1151 Hoc
761 1110 971 1152 secutus
1018 1100 1258 1154 Villebr.
1295 1100 1466 1152 conix
1517 1101 1591 1155 Ἀ.
1639 1106 1768 1164 σῶος
1804 1102 1929 1170 ἄρει,

200 1183 389 1237 ἐνθάδ’
426 1185 484 1237 οὗ
531 1195 719 1239 κεῖται·
782 1186 868 1240 τὸν
906 1187 958 1240 δ’
989 1185 1268 1255 ἁλυκτορὴν
1314 1189 1365 1246 ἒς
1410 1185 1720 1247 Γλαυκωπὸς
1752 1191 1787 1239 ἱ.
1822 1191 1923 1256 ἓκρ.

188 1269 263 1322 Ἀ.
303 1269 580 1342 ἆλυκτορὴν
616 1274 681 1325 ab
718 1270 917 1328 ἀλύσκω
954 1275 1227 1327 derivasse
1264 1274 1498 1326 videtur.
1583 1273 1811 1325 Casaub.
1855 1274 1925 1325 ad

202 1359 408 1412 Strab.:
445 1361 573 1426 „An
609 1360 864 1429 ἆλεκτορίν
902 1370 1058 1413 vocat
1094 1361 1336 1429 galeam,
1387 1380 1525 1432 quae
1562 1356 1722 1426 λόφον
1754 1359 1928 1412 habe-

199 1445 317 1509 bat,
367 1456 428 1498 ut
471 1448 705 1517 gallinae
755 1468 910 1501 suam
958 1447 1140 1514 λοφιὰν
1183 1448 1461 1500 habent?“
1521 1446 1608 1500 τὸν
1646 1444 1802 1514 λόφον
1838 1451 1928 1514 τῆς

195 1538 583 1602 περικεφαλαίας
615 1536 690 1588 ita
728 1537 932 1588 dictum
972 1555 1087 1588 esse
1125 1544 1352 1587 testatur
1389 1535 1575 1605 Etym.
1610 1535 1693 1584 Μ.
1744 1553 1801 1604 p.
1837 1533 1927 1605 59,

198 1619 285 1672 26.
373 1620 480 1671 Sed
533 1621 664 1689 quin
706 1623 928 1691 clypeus
968 1622 1055 1672 hic
1099 1622 1483 1690 intelligendus
1528 1621 1623 1682 sit,
1676 1620 1928 1672 dubitare

198 1725 313 1759 non
362 1707 548 1758 sinunt
596 1706 808 1757 Herod.
861 1718 914 1758 et
963 1706 1178 1759 Strabo.
1288 1708 1386 1760 An
1447 1708 1514 1759 ab
1563 1705 1696 1760 ἆλέω
1754 1706 1929 1774 (unde

197 1788 390 1855 ἆλεύω,
436 1791 666 1854 ἀλεείνω,
713 1789 944 1861 ἀλύσκω)
996 1792 1156 1845 ἆλέκω
1194 1793 1315 1845 fieri
1375 1794 1616 1864 potuisse
1662 1792 1923 1857 dicamus,

198 1889 260 1933 ut
292 1878 515 1948 ἀλκτήρ,
551 1879 628 1930 sic
663 1877 910 1944 ἀλέκτωρ,
956 1876 1238 1946 ἀλεκτορὶς,
1284 1884 1659 1929 munimentum
1689 1864 1927 1943 corporis

201 1971 279 2019 ad
303 1968 693 2034 propulsandos
743 1971 877 2015 ictas
913 1968 1186 2027 idoneum,
1229 1965 1266 2017 i.
1303 1983 1349 2016 e.
1395 1963 1603 2026 ἆσπίς.’ἓ
1671 1963 1928 2016 Tandem

197 2055 391 2108 Escur.
438 2054 686 2106 Moseov.
733 2052 901 2104 Paris.
956 2053 1006 2104 5.
1067 2053 1277 2104 addunt
1341 2046 1400 2103 ὅν
1456 2061 1578 2104 ante
1634 2051 1928 2119 ἐκρέμασαν,

199 2142 349 2211 quod
402 2139 527 2192 addi
579 2141 798 2192 volebat
849 2138 1013 2191 etiam
1062 2139 1288 2191 Casaub.
1347 2137 1529 2190 Ursin.
1574 2135 1927 2204 ἀνεκρέμασαν.

198 2226 401 2283 Blomf.
439 2226 580 2279 coni.
610 2226 842 2287 Ἀλκαῖος
878 2229 1006 2288 σῶος
1029 2222 1191 2294 Ἄρει,
1229 2228 1371 2280 ἔντεα
1406 2224 1455 2278 δ’
1489 2223 1582 2276 οὐκ
1617 2222 1774 2275 αὐτοῦ
1811 2221 1925 2293 (vel

198 2316 343 2369 ἔντεα
391 2312 448 2367 δ’
490 2313 549 2366 οὗ
599 2313 817 2376 καῦτάν)
867 2309 975 2365 Τὰν
1024 2310 1286 2383 ἆλεκτορὶν
1341 2312 1393 2373 ἐς
1429 2308 1742 2365 Γλαυκωποῢ
1791 2305 1927 2380 ἱερὸν

128 2443 132 2446 -
199 2399 488 2474 κρήμνασαν
515 2404 659 2454 'Ata

342 2578 422 2634 X.
459 2575 654 2631 Strabo
692 2574 857 2630 XIV.
893 2595 947 2648 p.
984 2575 1104 2630 661.
1142 2574 1298 2647 (976.
1337 2574 1403 2627 Β.
1440 2571 1620 2643 Alm.)
1658 2572 1726 2626 de
1763 2570 1925 2624 Cari-

202 2666 330 2718 bus:
369 2670 459 2717 ἰοῧ
488 2664 541 2716 δὲ
565 2665 680 2731 περὶ
716 2665 778 2716 τὰ
806 2660 1132 2731 στρατιωτικοὶ
1160 2662 1312 2731 ζήλου
1346 2656 1407 2712 τό
1433 2681 1488 2712 τε
1525 2657 1676 2729 ὄχανα
1707 2661 1922 2711 ποιοῦν-

203 2774 288 2805 ται
322 2748 564 2819 τεκμήρια
612 2752 695 2804 καὶ
732 2749 791 2802 τὰ
831 2752 1051 2819 ἐπίσημα
1097 2752 1181 2804 καὶ
1216 2745 1332 2808 τοὺς
1367 2743 1572 2813 λόφους.
1647 2745 1924 2814 Ἀνακρέων

204 2841 295 2908 μέν
341 2859 395 2908 γε
431 2842 611 2907 φησίν·
685 2842 808 2891 Δία
856 2837 1049 2891 δεῦτε
1099 2831 1388 2906 Καρικὸν
1438 2833 1734 2902 εὐεργέος
1781 2828 1927 2901 ὀχά-

203 2946 315 2979 νου
364 2934 551 2997 χεῖρα
599 2927 964 2991 τιθέμεναι.
1014 2925 1211 2996 (Fisch.
1248 2942 1301 2994 p.
1332 2920 1477 2992 405.)
1513 2917 1539 2973 ὅ
1582 2919 1632 2973 δ’
1663 2916 1924 2979 Ἀλκαῖος·

205 3008 364 3081 λόφον
400 3034 452 3066 τε
487 3016 629 3066 σείων
664 3010 906 3082 Καρικόν.

345 3099 761 3172 Ursin.p.1o5.
801 3096 1007 3152 Blomf.
1049 3095 1330 3150 nr-XIV·
1367 3093 1611 3149 XLVII.
1678 3089 1924 3145 Eustath.

207 3185 276 3236 ad
312 3185 374 3237 Il.
401 3183 468 3254 β’.
516 3206 569 3258 p.
603 3188 726 3257 567,
756 3189 839 3242 25
872 3187 1074 3240 δοκοῦσι
1111 3184 1166 3238 δὲ
1203 3186 1288 3236 καὶ
1320 3187 1392 3245 εἷς
1419 3179 1666 3248 ὅπὶισμὸν
1703 3196 1925 3232 συνεισε-

206 3280 394 3338 νεγκεῖν
428 3294 478 3325 τι
516 3276 564 3325 οἳ
605 3277 796 3341 Κᾶρες·
861 3296 924 3326 τα
967 3276 1088 3342 γοῦν
1136 3270 1286 3342 ὄχανα
1324 3289 1424 3324 των
1466 3267 1691 3322 ἀσπίδων
1726 3252 1928 3331 Καρικα

207 3354 401 3427 λέγεται
432 3358 516 3412 καὶ
551 3362 600 3412 οἱ
636 3355 803 3427 λόφοι.
841 3380 968 3430 φησι
999 3379 1120 3429 γουν
1147 3358 1441 3429 Ἀνακρέων,
1472 3353 1926 3425 καρικοεργέος

1341 3455 1452 3507 132
