<?xml version="1.0" encoding="UTF-8"?>
<!DOCTYPE html PUBLIC "-//W3C//DTD XHTML 1.0 Transitional//EN"
    "http://www.w3.org/TR/xhtml1/DTD/xhtml1-transitional.dtd">
<html xmlns="http://www.w3.org/1999/xhtml" xml:lang="en" lang="en">
 <head>
  <title>
</title>
<meta http-equiv="Content-Type" content="text/html;charset=utf-8" />
  <meta name='ocr-system' content='tesseract 3.04.00' />
  <meta name='ocr-capabilities' content='ocr_page ocr_carea ocr_par ocr_line ocrx_word'/>
</head>
<body>
  <div class='ocr_page' id='page_1' title='image "./reliquiaecollegi00alcauoft_0055.png"; bbox 0 0 2293 3650; ppageno 0'>
   <div class='ocr_carea' id='block_1_1' title="bbox 1099 307 1177 372">
    <p class='ocr_par' dir='ltr' id='par_1_1' title="bbox 1099 307 1177 372">
     <span class='ocr_line' id='line_1_1' title="bbox 1099 307 1177 372; baseline 0.051 -3"><span class='ocrx_word' id='word_1_1' title='bbox 1099 307 1177 372; x_wconf 77' lang='lat'><strong><em>41</em></strong></span> 
     </span>
    </p>
   </div>
   <div class='ocr_carea' id='block_1_2' title="bbox 277 436 1991 725">
    <p class='ocr_par' dir='ltr' id='par_1_2' title="bbox 277 436 1991 725">
     <span class='ocr_line' id='line_1_2' title="bbox 284 436 1479 530; baseline 0.038 -45"><span class='ocrx_word' id='word_1_2' title='bbox 284 436 342 489; x_wconf 83' lang='lat' dir='ltr'><strong><em>in</em></strong></span> <span class='ocrx_word' id='word_1_3' title='bbox 396 444 753 510; x_wconf 82' lang='lat' dir='ltr'><strong>proverbium</strong></span> <span class='ocrx_word' id='word_1_4' title='bbox 801 454 1035 522; x_wconf 84' lang='lat' dir='ltr'>abiisset,</span> <span class='ocrx_word' id='word_1_5' title='bbox 1108 483 1139 516; x_wconf 87' lang='lat' dir='ltr'>a</span> <span class='ocrx_word' id='word_1_6' title='bbox 1184 467 1479 530; x_wconf 82' lang='lat' dir='ltr'>Theocrito</span> 
     </span>
     <span class='ocr_line' id='line_1_3' title="bbox 281 522 1991 653; baseline 0.041 -83"><span class='ocrx_word' id='word_1_7' title='bbox 281 522 416 575; x_wconf 81' lang='lat' dir='ltr'><strong>sicut</strong></span> <span class='ocrx_word' id='word_1_8' title='bbox 457 545 621 599; x_wconf 82' lang='lat' dir='ltr'>supra</span> <span class='ocrx_word' id='word_1_9' title='bbox 671 536 908 593; x_wconf 68' lang='lat' dir='ltr'><strong>vidimus</strong></span> <span class='ocrx_word' id='word_1_10' title='bbox 958 547 1139 601; x_wconf 80' lang='lat' dir='ltr'><strong>verbis</strong></span> <span class='ocrx_word' id='word_1_11' title='bbox 1174 552 1367 612; x_wconf 84' lang='lat' dir='ltr'><strong>Alcaei</strong></span> <span class='ocrx_word' id='word_1_12' title='bbox 1414 564 1529 633; x_wconf 83' lang='grc' dir='ltr'><em>οἴνῳ</em></span> <span class='ocrx_word' id='word_1_13' title='bbox 1567 569 1819 641; x_wconf 78' lang='grc' dir='ltr'><em>πνεύμονα</em></span> <span class='ocrx_word' id='word_1_14' title='bbox 1852 587 1991 653; x_wconf 80' lang='grc' dir='ltr'><em>τέγγε</em></span> 
     </span>
     <span class='ocr_line' id='line_1_4' title="bbox 277 607 1988 725; baseline 0.04 -68"><span class='ocrx_word' id='word_1_15' title='bbox 277 607 442 661; x_wconf 83' lang='lat' dir='ltr'>aliurn</span> <span class='ocrx_word' id='word_1_16' title='bbox 496 615 561 666; x_wconf 78' lang='lat' dir='ltr'><strong><em>ad</em></strong></span> <span class='ocrx_word' id='word_1_17' title='bbox 613 617 989 682; x_wconf 83' lang='lat' dir='ltr'><strong>hexametrum</strong></span> <span class='ocrx_word' id='word_1_18' title='bbox 1038 636 1369 706; x_wconf 84' lang='lat' dir='ltr'>explendum</span> <span class='ocrx_word' id='word_1_19' title='bbox 1413 667 1572 706; x_wconf 83' lang='lat' dir='ltr'><strong>usum</strong></span> <span class='ocrx_word' id='word_1_20' title='bbox 1623 678 1753 716; x_wconf 87' lang='lat' dir='ltr'><strong>esse.</strong></span> <span class='ocrx_word' id='word_1_21' title='bbox 1845 667 1988 725; x_wconf 82' lang='lat' dir='ltr'><strong>Fra-</strong></span> 
     </span>
    </p>
   </div>
   <div class='ocr_carea' id='block_1_3' title="bbox 271 704 1988 867">
    <p class='ocr_par' dir='ltr' id='par_1_3' title="bbox 271 704 1988 867">
     <span class='ocr_line' id='line_1_5' title="bbox 273 704 1988 811; baseline 0.042 -70"><span class='ocrx_word' id='word_1_22' title='bbox 273 706 556 760; x_wconf 84' lang='lat' dir='ltr'><strong>gmentum</strong></span> <span class='ocrx_word' id='word_1_23' title='bbox 591 704 724 758; x_wconf 85' lang='lat' dir='ltr'>illud</span> <span class='ocrx_word' id='word_1_24' title='bbox 763 721 840 762; x_wconf 88' lang='lat' dir='ltr'><strong><em>est</em></strong></span> <span class='ocrx_word' id='word_1_25' title='bbox 876 733 962 785; x_wconf 81' lang='lat' dir='ltr'><strong><em>ap.</em></strong></span> <span class='ocrx_word' id='word_1_26' title='bbox 992 718 1189 772; x_wconf 88' lang='lat' dir='ltr'><strong>Blomf.</strong></span> <span class='ocrx_word' id='word_1_27' title='bbox 1227 744 1281 795; x_wconf 89' lang='lat' dir='ltr'><strong><em>p.</em></strong></span> <span class='ocrx_word' id='word_1_28' title='bbox 1307 728 1424 784; x_wconf 67' lang='lat'><strong><em>444.</em></strong></span> <span class='ocrx_word' id='word_1_29' title='bbox 1462 740 1555 804; x_wconf 77' lang='lat' dir='ltr'><strong><em>qui</em></strong></span> <span class='ocrx_word' id='word_1_30' title='bbox 1582 742 1731 802; x_wconf 86' lang='lat' dir='ltr'>idem</span> <span class='ocrx_word' id='word_1_31' title='bbox 1767 772 1836 806; x_wconf 85' lang='lat' dir='ltr'><strong><em>ex</em></strong></span> <span class='ocrx_word' id='word_1_32' title='bbox 1868 756 1988 811; x_wconf 81' lang='lat' dir='ltr'><strong><em>Eu-</em></strong></span> 
     </span>
     <span class='ocr_line' id='line_1_6' title="bbox 271 780 1267 867; baseline 0.033 -40"><span class='ocrx_word' id='word_1_33' title='bbox 271 780 422 832; x_wconf 81' lang='lat' dir='ltr'><strong>stath.</strong></span> <span class='ocrx_word' id='word_1_34' title='bbox 459 787 526 837; x_wconf 80' lang='lat' dir='ltr'><strong><em>ad</em></strong></span> <span class='ocrx_word' id='word_1_35' title='bbox 562 789 625 841; x_wconf 89' lang='lat' dir='ltr'><strong><em>ll.</em></strong></span> <span class='ocrx_word' id='word_1_36' title='bbox 665 797 700 846; x_wconf 87' lang='grc' dir='ltr'><strong><em>ι’.</em></strong></span> <span class='ocrx_word' id='word_1_37' title='bbox 739 815 789 867; x_wconf 87' lang='lat' dir='ltr'><strong><em>p.</em></strong></span> <span class='ocrx_word' id='word_1_38' title='bbox 819 800 939 866; x_wconf 82' lang='lat'>740,</span> <span class='ocrx_word' id='word_1_39' title='bbox 980 818 1057 854; x_wconf 84' lang='lat'><strong><em>12·</em></strong></span> <span class='ocrx_word' id='word_1_40' title='bbox 1096 806 1267 862; x_wconf 80' lang='lat' dir='ltr'><strong>affert.</strong></span> 
     </span>
    </p>
   </div>
   <div class='ocr_carea' id='block_1_4' title="bbox 1530 490 2058 557">
    <p class='ocr_par' dir='ltr' id='par_1_4' title="bbox 1530 490 2058 557">
     <span class='ocr_line' id='line_1_7' title="bbox 1530 490 2058 557; baseline 0.047 -25"><span class='ocrx_word' id='word_1_41' title='bbox 1530 497 1816 557; x_wconf 82' lang='lat' dir='ltr'><strong>usurpatus</strong></span> <span class='ocrx_word' id='word_1_42' title='bbox 1864 515 1977 553; x_wconf 83' lang='lat' dir='ltr'><strong>esse</strong></span> <span class='ocrx_word' id='word_1_43' title='bbox 2052 490 2058 499; x_wconf 49' lang='lat'>¹</span> 
     </span>
    </p>
   </div>
   <div class='ocr_carea' id='block_1_5' title="bbox 261 951 1980 1106">
    <p class='ocr_par' dir='ltr' id='par_1_5' title="bbox 261 951 1980 1106">
     <span class='ocr_line' id='line_1_8' title="bbox 1116 951 1980 1049; baseline 0.043 -50"><span class='ocrx_word' id='word_1_44' title='bbox 1116 984 1129 999; x_wconf 90' lang='lat'><strong>.</strong></span> <span class='ocrx_word' id='word_1_45' title='bbox 1164 968 1217 1020; x_wconf 91' lang='lat' dir='ltr'><strong><em>p.</em></strong></span> <span class='ocrx_word' id='word_1_46' title='bbox 1247 951 1366 1021; x_wconf 81' lang='grc'><strong>478.</strong></span> <span class='ocrx_word' id='word_1_47' title='bbox 1405 959 1466 1012; x_wconf 92' lang='grc' dir='ltr'><strong><em>Β.</em></strong></span> <span class='ocrx_word' id='word_1_48' title='bbox 1504 962 1565 1019; x_wconf 72' lang='grc' dir='ltr'><strong><em>ἰα’</em></strong></span> <span class='ocrx_word' id='word_1_49' title='bbox 1587 974 1784 1036; x_wconf 76' lang='grc' dir='ltr'><strong><em>μονωτοέ</em></strong></span> <span class='ocrx_word' id='word_1_50' title='bbox 1815 985 1980 1049; x_wconf 72' lang='grc' dir='ltr'><strong><em>ποτή-</em></strong></span> 
     </span>
     <span class='ocr_line' id='line_1_9' title="bbox 261 1007 1474 1106; baseline 0.036 -52"><span class='ocrx_word' id='word_1_51' title='bbox 261 1023 342 1073; x_wconf 84' lang='grc' dir='ltr'><strong><em>ρια</em></strong></span> <span class='ocrx_word' id='word_1_52' title='bbox 377 1007 608 1077; x_wconf 74' lang='grc' dir='ltr'><strong><em>κότυλοι,</em></strong></span> <span class='ocrx_word' id='word_1_53' title='bbox 645 1011 714 1070; x_wconf 75' lang='grc' dir='ltr'><strong><em>ὧν</em></strong></span> <span class='ocrx_word' id='word_1_54' title='bbox 748 1022 831 1075; x_wconf 85' lang='grc' dir='ltr'><strong><em>καὶ</em></strong></span> <span class='ocrx_word' id='word_1_55' title='bbox 856 1022 1085 1093; x_wconf 83' lang='grc' dir='ltr'><strong><em>Ἀλκαῖος</em></strong></span> <span class='ocrx_word' id='word_1_56' title='bbox 1115 1039 1425 1106; x_wconf 74' lang='grc' dir='ltr'><strong><em>μνημονεύει.</em></strong></span> <span class='ocrx_word' id='word_1_57' title='bbox 1469 1070 1474 1074; x_wconf 92' lang='grc'><em>·</em></span> 
     </span>
    </p>
   </div>
   <div class='ocr_carea' id='block_1_6' title="bbox 399 1097 832 1179">
    <p class='ocr_par' dir='ltr' id='par_1_6' title="bbox 399 1097 832 1179">
     <span class='ocr_line' id='line_1_10' title="bbox 399 1097 832 1179; baseline 0.025 -30"><span class='ocrx_word' id='word_1_58' title='bbox 399 1097 584 1152; x_wconf 79' lang='lat' dir='ltr'><strong>Ursin.</strong></span> <span class='ocrx_word' id='word_1_59' title='bbox 623 1121 678 1174; x_wconf 83' lang='lat' dir='ltr'><strong><em>p.</em></strong></span> <span class='ocrx_word' id='word_1_60' title='bbox 721 1124 738 1156; x_wconf 94' lang='lat'>1</span> <span class='ocrx_word' id='word_1_61' title='bbox 750 1123 832 1179; x_wconf 86' lang='lat'><strong><em>09.</em></strong></span> 
     </span>
    </p>
   </div>
   <div class='ocr_carea' id='block_1_7' title="bbox 1794 1207 1819 1232">
    <p class='ocr_par' dir='ltr' id='par_1_7' title="bbox 1794 1207 1819 1232">
     <span class='ocr_line' id='line_1_11' title="bbox 1794 1207 1819 1232; baseline 0 -2"><span class='ocrx_word' id='word_1_62' title='bbox 1794 1207 1819 1232; x_wconf 71' lang='lat' dir='ltr'><em>l</em></span> 
     </span>
    </p>
   </div>
   <div class='ocr_carea' id='block_1_8' title="bbox 1102 1257 1972 1360">
    <p class='ocr_par' dir='ltr' id='par_1_8' title="bbox 1102 1257 1972 1360">
     <span class='ocr_line' id='line_1_12' title="bbox 1102 1257 1972 1360; baseline 0.045 -50"><span class='ocrx_word' id='word_1_63' title='bbox 1102 1257 1174 1327; x_wconf 83' lang='grc' dir='ltr'><strong><em>ψ’.</em></strong></span> <span class='ocrx_word' id='word_1_64' title='bbox 1209 1285 1261 1337; x_wconf 87' lang='lat' dir='ltr'><strong><em>p.</em></strong></span> <span class='ocrx_word' id='word_1_65' title='bbox 1298 1272 1449 1343; x_wconf 80' lang='lat'>1295‚</span> <span class='ocrx_word' id='word_1_66' title='bbox 1486 1293 1570 1333; x_wconf 82' lang='lat'><strong><em>20.</em></strong></span> <span class='ocrx_word' id='word_1_67' title='bbox 1610 1286 1885 1360; x_wconf 83' lang='grc' dir='ltr'><strong><em>Νίκανδρος</em></strong></span> <span class='ocrx_word' id='word_1_68' title='bbox 1915 1296 1972 1351; x_wconf 74' lang='grc' dir='ltr'><strong><em>δέ</em></strong></span> 
     </span>
    </p>
   </div>
   <div class='ocr_carea' id='block_1_9' title="bbox 246 1352 1965 1510">
    <p class='ocr_par' dir='ltr' id='par_1_9' title="bbox 246 1352 1965 1510">
     <span class='ocr_line' id='line_1_13' title="bbox 1008 1352 1965 1450; baseline 0.044 -56"><span class='ocrx_word' id='word_1_69' title='bbox 1008 1352 1380 1415; x_wconf 80' lang='grc' dir='ltr'><strong><em>υρίσασθαι</em></strong></span> <span class='ocrx_word' id='word_1_70' title='bbox 1424 1361 1514 1428; x_wconf 83' lang='grc' dir='ltr'><strong><em>μὲν</em></strong></span> <span class='ocrx_word' id='word_1_71' title='bbox 1552 1366 1780 1438; x_wconf 76' lang='grc' dir='ltr'><strong><em>Ἀλκαῖος</em></strong></span> <span class='ocrx_word' id='word_1_72' title='bbox 1820 1382 1965 1450; x_wconf 72' lang='grc' dir='ltr'><strong><em>λέγει,</em></strong></span> 
     </span>
     <span class='ocr_line' id='line_1_14' title="bbox 246 1403 1411 1510; baseline 0.033 -53"><span class='ocrx_word' id='word_1_73' title='bbox 246 1403 305 1459; x_wconf 78' lang='grc' dir='ltr'><strong><em>τὸ</em></strong></span> <span class='ocrx_word' id='word_1_74' title='bbox 340 1408 393 1462; x_wconf 80' lang='grc' dir='ltr'><strong><em>δὲ</em></strong></span> <span class='ocrx_word' id='word_1_75' title='bbox 432 1410 587 1484; x_wconf 76' lang='grc' dir='ltr'><strong><em>ὄνομα</em></strong></span> <span class='ocrx_word' id='word_1_76' title='bbox 618 1415 906 1494; x_wconf 81' lang='grc' dir='ltr'><strong><em>μύρωμα,</em></strong></span> <span class='ocrx_word' id='word_1_77' title='bbox 948 1431 1033 1483; x_wconf 82' lang='grc' dir='ltr'><strong><em>καὶ</em></strong></span> <span class='ocrx_word' id='word_1_78' title='bbox 1070 1433 1128 1487; x_wconf 82' lang='grc' dir='ltr'><strong><em>οὗ</em></strong></span> <span class='ocrx_word' id='word_1_79' title='bbox 1163 1433 1411 1510; x_wconf 58' lang='grc' dir='ltr'><strong><em>μύρισμα.,</em></strong></span> 
     </span>
    </p>
   </div>
   <div class='ocr_carea' id='block_1_10' title="bbox 1165 1703 1952 1800">
    <p class='ocr_par' dir='ltr' id='par_1_10' title="bbox 1165 1703 1952 1800">
     <span class='ocr_line' id='line_1_15' title="bbox 1165 1703 1952 1800; baseline 0.041 -45"><span class='ocrx_word' id='word_1_80' title='bbox 1165 1703 1194 1717; x_wconf 80' lang='grc'><strong><em>’”</em></strong></span> <span class='ocrx_word' id='word_1_81' title='bbox 1270 1747 1281 1759; x_wconf 95' lang='grc'><strong>.</strong></span> <span class='ocrx_word' id='word_1_82' title='bbox 1333 1721 1386 1764; x_wconf 88' lang='lat' dir='ltr'><strong><em>et</em></strong></span> <span class='ocrx_word' id='word_1_83' title='bbox 1430 1715 1724 1789; x_wconf 83' lang='lat' dir='ltr'><strong>Hephaest.</strong></span> <span class='ocrx_word' id='word_1_84' title='bbox 1773 1749 1828 1800; x_wconf 85' lang='lat' dir='ltr'><strong><em>p.</em></strong></span> <span class='ocrx_word' id='word_1_85' title='bbox 1874 1736 1952 1789; x_wconf 86' lang='lat'><strong><em>16.</em></strong></span> 
     </span>
    </p>
   </div>
   <div class='ocr_carea' id='block_1_11' title="bbox 1114 1775 1955 1875">
    <p class='ocr_par' dir='ltr' id='par_1_11' title="bbox 1114 1775 1955 1875">
     <span class='ocr_line' id='line_1_16' title="bbox 1114 1775 1955 1875; baseline 0.044 -36"><span class='ocrx_word' id='word_1_86' title='bbox 1114 1775 1412 1867; x_wconf 60' lang='grc' dir='ltr'><strong><em>τεῖρᾶμετρα</em></strong></span> <span class='ocrx_word' id='word_1_87' title='bbox 1462 1802 1548 1871; x_wconf 78' lang='grc' dir='ltr'><strong><em>δὲ,</em></strong></span> <span class='ocrx_word' id='word_1_88' title='bbox 1606 1810 1712 1865; x_wconf 84' lang='grc' dir='ltr'><strong><em>οἶον</em></strong></span> <span class='ocrx_word' id='word_1_89' title='bbox 1759 1815 1815 1870; x_wconf 87' lang='grc' dir='ltr'><strong><em>τὸ</em></strong></span> <span class='ocrx_word' id='word_1_90' title='bbox 1865 1828 1955 1875; x_wconf 83' lang='grc' dir='ltr'><strong><em>τοῦ</em></strong></span> 
     </span>
    </p>
   </div>
   <div class='ocr_carea' id='block_1_12' title="bbox 233 1760 1062 1849">
    <p class='ocr_par' dir='ltr' id='par_1_12' title="bbox 233 1760 1062 1849">
     <span class='ocr_line' id='line_1_17' title="bbox 233 1760 1062 1849; baseline 0.028 -37"><span class='ocrx_word' id='word_1_91' title='bbox 233 1760 358 1824; x_wconf 84' lang='grc'><strong>(50.</strong></span> <span class='ocrx_word' id='word_1_92' title='bbox 405 1765 488 1818; x_wconf 86' lang='lat' dir='ltr'><strong><em>ed.</em></strong></span> <span class='ocrx_word' id='word_1_93' title='bbox 528 1768 734 1838; x_wconf 79' lang='lat' dir='ltr'>Gaisf.)</span> <span class='ocrx_word' id='word_1_94' title='bbox 786 1779 1062 1849; x_wconf 78' lang='grc' dir='ltr'><strong><em>(ἷαμβικά)</em></strong></span> 
     </span>
    </p>
   </div>
   <div class='ocr_carea' id='block_1_13' title="bbox 219 1843 485 1902">
    <p class='ocr_par' dir='ltr' id='par_1_13' title="bbox 219 1843 485 1902">
     <span class='ocr_line' id='line_1_18' title="bbox 219 1843 485 1902; baseline 0.038 -9"><span class='ocrx_word' id='word_1_95' title='bbox 219 1843 456 1902; x_wconf 82' lang='grc' dir='ltr'><strong><em>Ἀλκαίου</em></strong></span> <span class='ocrx_word' id='word_1_96' title='bbox 474 1869 485 1880; x_wconf 91' lang='grc'><em>·</em></span> 
     </span>
    </p>
   </div>
   <div class='ocr_carea' id='block_1_14' title="bbox 223 1935 1945 2233">
    <p class='ocr_par' dir='ltr' id='par_1_14' title="bbox 223 1935 1945 2233">
     <span class='ocr_line' id='line_1_19' title="bbox 365 1935 1808 2052; baseline 0.037 -66"><span class='ocrx_word' id='word_1_97' title='bbox 365 1935 502 1997; x_wconf 70' lang='grc' dir='ltr'><strong>δέξαι.</strong></span> <span class='ocrx_word' id='word_1_98' title='bbox 537 1961 598 2006; x_wconf 90' lang='grc' dir='ltr'><strong><em>με</em></strong></span> <span class='ocrx_word' id='word_1_99' title='bbox 636 1941 943 2015; x_wconf 77' lang='grc' dir='ltr'><strong><em>κωμάζοντα,</em></strong></span> <span class='ocrx_word' id='word_1_100' title='bbox 979 1952 1146 2022; x_wconf 77' lang='grc' dir='ltr'><strong><em>δέξαι,</em></strong></span> <span class='ocrx_word' id='word_1_101' title='bbox 1181 1958 1412 2032; x_wconf 84' lang='grc' dir='ltr'><strong><em>λίσσομαί</em></strong></span> <span class='ocrx_word' id='word_1_102' title='bbox 1444 1993 1500 2025; x_wconf 91' lang='grc' dir='ltr'><strong><em>σε</em></strong></span> <span class='ocrx_word' id='word_1_103' title='bbox 1512 2014 1530 2037; x_wconf 88' lang='lat'><em>‚</em></span> <span class='ocrx_word' id='word_1_104' title='bbox 1565 1981 1808 2052; x_wconf 84' lang='grc' dir='ltr'><strong><em>λίσσομαι.</em></strong></span> 
     </span>
     <span class='ocr_line' id='line_1_20' title="bbox 223 2017 1945 2136; baseline 0.039 -70"><span class='ocrx_word' id='word_1_105' title='bbox 223 2017 414 2078; x_wconf 85' lang='lat' dir='ltr'><strong>Ursin.</strong></span> <span class='ocrx_word' id='word_1_106' title='bbox 451 2044 506 2096; x_wconf 87' lang='lat' dir='ltr'><strong><em>p.</em></strong></span> <span class='ocrx_word' id='word_1_107' title='bbox 537 2044 651 2080; x_wconf 88' lang='lat'>102.</span> <span class='ocrx_word' id='word_1_108' title='bbox 691 2032 894 2090; x_wconf 85' lang='lat' dir='ltr'>Blomf.</span> <span class='ocrx_word' id='word_1_109' title='bbox 935 2059 1019 2094; x_wconf 88' lang='lat' dir='ltr'><strong><em>nr.</em></strong></span> <span class='ocrx_word' id='word_1_110' title='bbox 1046 2043 1202 2098; x_wconf 91' lang='lat' dir='ltr'>XLI.</span> <span class='ocrx_word' id='word_1_111' title='bbox 1250 2053 1344 2119; x_wconf 85' lang='lat' dir='ltr'><strong><em>qui</em></strong></span> <span class='ocrx_word' id='word_1_112' title='bbox 1377 2058 1590 2132; x_wconf 81' lang='lat' dir='ltr'><strong>scripsit</strong></span> <span class='ocrx_word' id='word_1_113' title='bbox 1623 2069 1945 2136; x_wconf 81' lang='grc' dir='ltr'><strong><em>κωμάσδοντα</em></strong></span> 
     </span>
     <span class='ocr_line' id='line_1_21' title="bbox 223 2106 1939 2233; baseline 0.036 -79"><span class='ocrx_word' id='word_1_114' title='bbox 223 2114 277 2155; x_wconf 81' lang='lat' dir='ltr'><strong><em>et</em></strong></span> <span class='ocrx_word' id='word_1_115' title='bbox 312 2106 546 2176; x_wconf 85' lang='grc' dir='ltr'><strong><em>λίσσομαί</em></strong></span> <span class='ocrx_word' id='word_1_116' title='bbox 576 2135 643 2167; x_wconf 85' lang='grc' dir='ltr'><strong><em>τε.</em></strong></span> <span class='ocrx_word' id='word_1_117' title='bbox 692 2117 807 2172; x_wconf 85' lang='lat' dir='ltr'><strong><em>imo</em></strong></span> <span class='ocrx_word' id='word_1_118' title='bbox 841 2121 1072 2194; x_wconf 79' lang='grc' dir='ltr'><strong><em>λίσσομαί</em></strong></span> <span class='ocrx_word' id='word_1_119' title='bbox 1106 2152 1182 2185; x_wconf 83' lang='grc' dir='ltr'><strong>τυ.</strong></span> <span class='ocrx_word' id='word_1_120' title='bbox 1236 2137 1345 2190; x_wconf 82' lang='lat' dir='ltr'><strong>vid.</strong></span> <span class='ocrx_word' id='word_1_121' title='bbox 1377 2141 1641 2216; x_wconf 85' lang='lat' dir='ltr'>Apollon.</span> <span class='ocrx_word' id='word_1_122' title='bbox 1681 2159 1748 2211; x_wconf 84' lang='lat' dir='ltr'><strong><em>de</em></strong></span> <span class='ocrx_word' id='word_1_123' title='bbox 1775 2180 1939 2233; x_wconf 84' lang='lat' dir='ltr'>pron.</span> 
     </span>
    </p>
   </div>
   <div class='ocr_carea' id='block_1_15' title="bbox 219 2195 523 2260">
    <p class='ocr_par' dir='ltr' id='par_1_15' title="bbox 219 2195 523 2260">
     <span class='ocr_line' id='line_1_22' title="bbox 219 2195 523 2260; baseline 0.03 -21"><span class='ocrx_word' id='word_1_124' title='bbox 219 2207 272 2260; x_wconf 87' lang='lat' dir='ltr'><strong><em>p.</em></strong></span> <span class='ocrx_word' id='word_1_125' title='bbox 310 2195 426 2248; x_wconf 82' lang='lat'><strong>528.</strong></span> <span class='ocrx_word' id='word_1_126' title='bbox 462 2197 523 2250; x_wconf 90' lang='grc' dir='ltr'><strong>Β.</strong></span> 
     </span>
    </p>
   </div>
   <div class='ocr_carea' id='block_1_16' title="bbox 351 2336 1936 2455">
    <p class='ocr_par' dir='ltr' id='par_1_16' title="bbox 351 2336 1936 2455">
     <span class='ocr_line' id='line_1_23' title="bbox 351 2336 1936 2455; baseline 0.037 -67"><span class='ocrx_word' id='word_1_127' title='bbox 351 2336 510 2393; x_wconf 89' lang='lat' dir='ltr'><strong>XLI.</strong></span> <span class='ocrx_word' id='word_1_128' title='bbox 558 2338 788 2399; x_wconf 86' lang='lat' dir='ltr'>Aristot.</span> <span class='ocrx_word' id='word_1_129' title='bbox 821 2348 1050 2406; x_wconf 83' lang='lat' dir='ltr'><strong>Rhetor.</strong></span> <span class='ocrx_word' id='word_1_130' title='bbox 1086 2358 1129 2422; x_wconf 90' lang='grc' dir='ltr'><strong><em>Ι,</em></strong></span> <span class='ocrx_word' id='word_1_131' title='bbox 1167 2380 1217 2429; x_wconf 85' lang='grc'><strong><em>9,</em></strong></span> <span class='ocrx_word' id='word_1_132' title='bbox 1257 2381 1339 2418; x_wconf 85' lang='lat'><strong><em>20.</em></strong></span> <span class='ocrx_word' id='word_1_133' title='bbox 1381 2369 1440 2422; x_wconf 81' lang='grc' dir='ltr'><strong><em>τὰ</em></strong></span> <span class='ocrx_word' id='word_1_134' title='bbox 1468 2377 1642 2448; x_wconf 79' lang='grc' dir='ltr'><strong><em>αἰσχρὰ</em></strong></span> <span class='ocrx_word' id='word_1_135' title='bbox 1675 2384 1936 2455; x_wconf 75' lang='grc' dir='ltr'><strong><em>αἰσχύνον-</em></strong></span> 
     </span>
    </p>
   </div>
   <div class='ocr_carea' id='block_1_17' title="bbox 207 2425 1932 2750">
    <p class='ocr_par' dir='ltr' id='par_1_17' title="bbox 207 2425 1932 2596">
     <span class='ocr_line' id='line_1_24' title="bbox 210 2425 1932 2546; baseline 0.038 -77"><span class='ocrx_word' id='word_1_136' title='bbox 210 2439 292 2470; x_wconf 78' lang='grc' dir='ltr'><strong><em>ται</em></strong></span> <span class='ocrx_word' id='word_1_137' title='bbox 338 2425 421 2476; x_wconf 81' lang='grc' dir='ltr'><strong><em>καὶ</em></strong></span> <span class='ocrx_word' id='word_1_138' title='bbox 469 2427 692 2497; x_wconf 78' lang='grc' dir='ltr'><strong><em>λέγοντες</em></strong></span> <span class='ocrx_word' id='word_1_139' title='bbox 739 2436 822 2487; x_wconf 80' lang='grc' dir='ltr'><strong><em>καὶ</em></strong></span> <span class='ocrx_word' id='word_1_140' title='bbox 869 2446 1131 2507; x_wconf 76' lang='grc' dir='ltr'><strong><em>ποιοῦντες</em></strong></span> <span class='ocrx_word' id='word_1_141' title='bbox 1171 2452 1255 2503; x_wconf 81' lang='grc' dir='ltr'><strong><em>καὶ</em></strong></span> <span class='ocrx_word' id='word_1_142' title='bbox 1294 2454 1585 2529; x_wconf 78' lang='grc' dir='ltr'><strong><em>μέλλοντες,</em></strong></span> <span class='ocrx_word' id='word_1_143' title='bbox 1624 2465 1810 2546; x_wconf 72' lang='grc' dir='ltr'><strong><em>ὥσπερ</em></strong></span> <span class='ocrx_word' id='word_1_144' title='bbox 1848 2483 1932 2533; x_wconf 80' lang='grc' dir='ltr'><strong><em>καὶ</em></strong></span> 
     </span>
     <span class='ocr_line' id='line_1_25' title="bbox 207 2507 1442 2596; baseline 0.032 -40"><span class='ocrx_word' id='word_1_145' title='bbox 207 2507 410 2576; x_wconf 78' lang='grc' dir='ltr'><strong><em>Σαπφὼ</em></strong></span> <span class='ocrx_word' id='word_1_146' title='bbox 445 2520 747 2585; x_wconf 81' lang='grc' dir='ltr'><strong><em>πεποίηκεν,</em></strong></span> <span class='ocrx_word' id='word_1_147' title='bbox 792 2521 1024 2590; x_wconf 78' lang='grc' dir='ltr'><strong><em>εἰπόντος</em></strong></span> <span class='ocrx_word' id='word_1_148' title='bbox 1060 2537 1151 2585; x_wconf 73' lang='grc' dir='ltr'><strong><em>τοῦ</em></strong></span> <span class='ocrx_word' id='word_1_149' title='bbox 1178 2536 1442 2596; x_wconf 83' lang='grc' dir='ltr'><strong><em>Ἀλκαίου·</em></strong></span> 
     </span>
    </p>

    <p class='ocr_par' dir='ltr' id='par_1_18' title="bbox 488 2602 1498 2691">
     <span class='ocr_line' id='line_1_26' title="bbox 488 2602 1498 2691; baseline 0.037 -41"><span class='ocrx_word' id='word_1_150' title='bbox 488 2602 633 2654; x_wconf 75' lang='grc' dir='ltr'><strong><em>θέλω</em></strong></span> <span class='ocrx_word' id='word_1_151' title='bbox 668 2610 718 2657; x_wconf 84' lang='grc' dir='ltr'><strong><em>τί</em></strong></span> <span class='ocrx_word' id='word_1_152' title='bbox 753 2607 802 2659; x_wconf 78' lang='grc' dir='ltr'><strong><em>τ’</em></strong></span> <span class='ocrx_word' id='word_1_153' title='bbox 842 2614 1021 2679; x_wconf 80' lang='grc' dir='ltr'><strong><em>εῑπῆν,</em></strong></span> <span class='ocrx_word' id='word_1_154' title='bbox 1058 2616 1185 2673; x_wconf 76' lang='grc' dir='ltr'><strong><em>ἄλλά</em></strong></span> <span class='ocrx_word' id='word_1_155' title='bbox 1222 2645 1283 2691; x_wconf 90' lang='grc' dir='ltr'><strong><em>με</em></strong></span> <span class='ocrx_word' id='word_1_156' title='bbox 1318 2630 1498 2687; x_wconf 79' lang='grc' dir='ltr'><strong><em>κωλύει</em></strong></span> 
     </span>
    </p>

    <p class='ocr_par' dir='ltr' id='par_1_19' title="bbox 485 2685 1055 2750">
     <span class='ocr_line' id='line_1_27' title="bbox 485 2685 1055 2750; baseline 0.033 -13"><span class='ocrx_word' id='word_1_157' title='bbox 485 2685 637 2750; x_wconf 77' lang='grc' dir='ltr'><strong><em>αἰδώς</em></strong></span> <span class='ocrx_word' id='word_1_158' title='bbox 707 2720 776 2732; x_wconf 86' lang='lat'>—</span> <span class='ocrx_word' id='word_1_159' title='bbox 844 2728 915 2737; x_wconf 91' lang='lat'><strong><em>——</em></strong></span> <span class='ocrx_word' id='word_1_160' title='bbox 983 2729 1055 2739; x_wconf 78' lang='lat'><strong><em>-—</em></strong></span> 
     </span>
    </p>
   </div>
   <div class='ocr_carea' id='block_1_18' title="bbox 1124 2739 1577 2774">
    <p class='ocr_par' dir='ltr' id='par_1_20' title="bbox 1124 2739 1577 2774">
     <span class='ocr_line' id='line_1_28' title="bbox 1124 2739 1577 2774; baseline 0.031 -27"><span class='ocrx_word' id='word_1_161' title='bbox 1124 2739 1196 2749; x_wconf 70' lang='lat' dir='ltr'><strong><em>—u-</em></strong></span> <span class='ocrx_word' id='word_1_162' title='bbox 1268 2743 1333 2753; x_wconf 77' lang='lat'><em>-</em></span> <span class='ocrx_word' id='word_1_163' title='bbox 1407 2746 1474 2757; x_wconf 87' lang='lat'><em>-</em></span> <span class='ocrx_word' id='word_1_164' title='bbox 1551 2760 1577 2774; x_wconf 37' lang='grc' dir='ltr'>ί</span> 
     </span>
    </p>
   </div>
   <div class='ocr_carea' id='block_1_19' title="bbox 190 2775 1553 3209">
    <p class='ocr_par' dir='ltr' id='par_1_21' title="bbox 190 2775 1553 3209">
     <span class='ocr_line' id='line_1_29' title="bbox 482 2775 1539 2866; baseline 0.034 -42"><span class='ocrx_word' id='word_1_165' title='bbox 482 2777 536 2825; x_wconf 83' lang='grc' dir='ltr'><strong><em>αῖ</em></strong></span> <span class='ocrx_word' id='word_1_166' title='bbox 572 2775 624 2828; x_wconf 79' lang='grc' dir='ltr'><strong><em>δ’</em></strong></span> <span class='ocrx_word' id='word_1_167' title='bbox 662 2778 740 2833; x_wconf 82' lang='grc' dir='ltr'><strong><em>ἷκέ</em></strong></span> <span class='ocrx_word' id='word_1_168' title='bbox 773 2780 824 2834; x_wconf 79' lang='grc' dir='ltr'><strong><em>σ’</em></strong></span> <span class='ocrx_word' id='word_1_169' title='bbox 864 2785 1068 2842; x_wconf 75' lang='grc' dir='ltr'><strong><em>ἐσθλῶν</em></strong></span> <span class='ocrx_word' id='word_1_170' title='bbox 1103 2797 1269 2865; x_wconf 79' lang='grc' dir='ltr'><strong><em>ἵμερος</em></strong></span> <span class='ocrx_word' id='word_1_171' title='bbox 1305 2797 1337 2866; x_wconf 78' lang='grc' dir='ltr'>ἢ</span> <span class='ocrx_word' id='word_1_172' title='bbox 1374 2803 1539 2859; x_wconf 72' lang='grc' dir='ltr'><strong><em>καλῶν</em></strong></span> 
     </span>
     <span class='ocr_line' id='line_1_30' title="bbox 478 2860 1553 2957; baseline 0.034 -46"><span class='ocrx_word' id='word_1_173' title='bbox 478 2860 565 2914; x_wconf 79' lang='grc' dir='ltr'><strong><em>καὶ</em></strong></span> <span class='ocrx_word' id='word_1_174' title='bbox 599 2860 669 2932; x_wconf 81' lang='grc' dir='ltr'><strong><em>μή</em></strong></span> <span class='ocrx_word' id='word_1_175' title='bbox 708 2889 756 2920; x_wconf 74' lang='grc' dir='ltr'><strong><em>τι</em></strong></span> <span class='ocrx_word' id='word_1_176' title='bbox 792 2873 942 2940; x_wconf 81' lang='grc' dir='ltr'><strong><em>εῑπῆν</em></strong></span> <span class='ocrx_word' id='word_1_177' title='bbox 974 2875 1163 2944; x_wconf 74' lang='grc' dir='ltr'><strong><em>γλῶσσ’</em></strong></span> <span class='ocrx_word' id='word_1_178' title='bbox 1199 2882 1352 2940; x_wconf 82' lang='grc' dir='ltr'><strong><em>ἐκύκα</em></strong></span> <span class='ocrx_word' id='word_1_179' title='bbox 1385 2891 1553 2957; x_wconf 78' lang='grc' dir='ltr'><strong><em>κακὸν,</em></strong></span> 
     </span>
     <span class='ocr_line' id='line_1_31' title="bbox 567 2948 1458 3043; baseline 0.033 -42"><span class='ocrx_word' id='word_1_180' title='bbox 567 2948 719 3014; x_wconf 78' lang='grc' dir='ltr'><strong><em>αἰδώς</em></strong></span> <span class='ocrx_word' id='word_1_181' title='bbox 751 2959 809 3008; x_wconf 87' lang='grc' dir='ltr'><strong><em>κε’</em></strong></span> <span class='ocrx_word' id='word_1_182' title='bbox 840 2977 928 3012; x_wconf 84' lang='grc' dir='ltr'><strong><em>σευ</em></strong></span> <span class='ocrx_word' id='word_1_183' title='bbox 964 2962 1054 3015; x_wconf 85' lang='grc' dir='ltr'><strong><em>οὐκ</em></strong></span> <span class='ocrx_word' id='word_1_184' title='bbox 1093 2967 1218 3037; x_wconf 84' lang='grc' dir='ltr'><strong><em>εἶχεν</em></strong></span> <span class='ocrx_word' id='word_1_185' title='bbox 1251 2970 1458 3043; x_wconf 81' lang='grc' dir='ltr'><strong><em>ὄμματ’,</em></strong></span> 
     </span>
     <span class='ocr_line' id='line_1_32' title="bbox 656 3037 1451 3123; baseline 0.035 -34"><span class='ocrx_word' id='word_1_186' title='bbox 656 3037 769 3092; x_wconf 75' lang='grc' dir='ltr'><strong><em>ἀλλ’</em></strong></span> <span class='ocrx_word' id='word_1_187' title='bbox 809 3044 972 3115; x_wconf 78' lang='grc' dir='ltr'><strong><em>ἔλεγες</em></strong></span> <span class='ocrx_word' id='word_1_188' title='bbox 1007 3055 1124 3123; x_wconf 80' lang='grc' dir='ltr'><strong><em>περὶ</em></strong></span> <span class='ocrx_word' id='word_1_189' title='bbox 1160 3061 1230 3109; x_wconf 78' lang='grc' dir='ltr'><strong><em>τῶ</em></strong></span> <span class='ocrx_word' id='word_1_190' title='bbox 1263 3059 1451 3116; x_wconf 83' lang='grc' dir='ltr'><strong><em>δικαίω.</em></strong></span> 
     </span>
     <span class='ocr_line' id='line_1_33' title="bbox 190 3108 1513 3209; baseline 0.035 -48"><span class='ocrx_word' id='word_1_191' title='bbox 190 3108 340 3166; x_wconf 82' lang='lat' dir='ltr'><strong>Inter</strong></span> <span class='ocrx_word' id='word_1_192' title='bbox 372 3115 443 3170; x_wconf 81' lang='lat' dir='ltr'><strong><em>fr.</em></strong></span> <span class='ocrx_word' id='word_1_193' title='bbox 471 3117 675 3193; x_wconf 88' lang='lat' dir='ltr'>Sapph.</span> <span class='ocrx_word' id='word_1_194' title='bbox 713 3129 931 3187; x_wconf 85' lang='lat' dir='ltr'><strong>exhibet</strong></span> <span class='ocrx_word' id='word_1_195' title='bbox 963 3137 1167 3197; x_wconf 89' lang='lat' dir='ltr'><strong>Blomf.</strong></span> <span class='ocrx_word' id='word_1_196' title='bbox 1206 3164 1290 3200; x_wconf 89' lang='lat' dir='ltr'><strong><em>nr.</em></strong></span> <span class='ocrx_word' id='word_1_197' title='bbox 1314 3149 1513 3209; x_wconf 88' lang='lat' dir='ltr'><strong>XXX.</strong></span> 
     </span>
    </p>
   </div>
   <div class='ocr_carea' id='block_1_20' title="bbox 189 3159 1906 3282">
    <p class='ocr_par' dir='ltr' id='par_1_22' title="bbox 189 3159 1906 3282">
     <span class='ocr_line' id='line_1_34' title="bbox 1551 3159 1906 3223; baseline 0.025 -11"><span class='ocrx_word' id='word_1_198' title='bbox 1551 3159 1695 3214; x_wconf 87' lang='lat' dir='ltr'><strong>Mus.</strong></span> <span class='ocrx_word' id='word_1_199' title='bbox 1722 3168 1837 3219; x_wconf 84' lang='lat' dir='ltr'><strong>crit.</strong></span> <span class='ocrx_word' id='word_1_200' title='bbox 1864 3171 1906 3223; x_wconf 90' lang='grc' dir='ltr'><strong>Ι.</strong></span> 
     </span>
     <span class='ocr_line' id='line_1_35' title="bbox 189 3209 736 3282; baseline 0.033 -38"><span class='ocrx_word' id='word_1_201' title='bbox 189 3213 243 3265; x_wconf 85' lang='lat' dir='ltr'><strong><em>p.</em></strong></span> <span class='ocrx_word' id='word_1_202' title='bbox 284 3216 362 3268; x_wconf 89' lang='lat'><strong><em>17.</em></strong></span> <span class='ocrx_word' id='word_1_203' title='bbox 410 3222 536 3258; x_wconf 89' lang='lat' dir='ltr'><strong><em>cum</em></strong></span> <span class='ocrx_word' id='word_1_204' title='bbox 572 3209 736 3282; x_wconf 86' lang='lat' dir='ltr'><strong>Volg.</strong></span> 
     </span>
    </p>
   </div>
   <div class='ocr_carea' id='block_1_21' title="bbox 188 3219 1901 3364">
    <p class='ocr_par' dir='ltr' id='par_1_23' title="bbox 188 3219 1901 3364">
     <span class='ocr_line' id='line_1_36' title="bbox 820 3219 1901 3309; baseline 0.036 -39"><span class='ocrx_word' id='word_1_205' title='bbox 820 3219 906 3273; x_wconf 87' lang='lat' dir='ltr'><strong><em>Ex</em></strong></span> <span class='ocrx_word' id='word_1_206' title='bbox 942 3222 1026 3278; x_wconf 87' lang='lat' dir='ltr'><strong><em>his</em></strong></span> <span class='ocrx_word' id='word_1_207' title='bbox 1069 3230 1278 3298; x_wconf 80' lang='lat' dir='ltr'><strong>primus</strong></span> <span class='ocrx_word' id='word_1_208' title='bbox 1323 3255 1511 3296; x_wconf 85' lang='lat' dir='ltr'><strong>versus</strong></span> <span class='ocrx_word' id='word_1_209' title='bbox 1563 3266 1685 3302; x_wconf 86' lang='lat' dir='ltr'><strong><em>cum</em></strong></span> <span class='ocrx_word' id='word_1_210' title='bbox 1733 3255 1901 3309; x_wconf 85' lang='lat' dir='ltr'>verbo</span> 
     </span>
     <span class='ocr_line' id='line_1_37' title="bbox 188 3281 1034 3364; baseline 0.039 -32"><span class='ocrx_word' id='word_1_211' title='bbox 188 3281 338 3345; x_wconf 83' lang='grc' dir='ltr'><strong><em>αἰδώς</em></strong></span> <span class='ocrx_word' id='word_1_212' title='bbox 370 3307 556 3347; x_wconf 74' lang='lat' dir='ltr'><strong>versus</strong></span> <span class='ocrx_word' id='word_1_213' title='bbox 591 3302 812 3355; x_wconf 85' lang='lat' dir='ltr'><strong>secundi</strong></span> <span class='ocrx_word' id='word_1_214' title='bbox 836 3305 1034 3364; x_wconf 79' lang='lat' dir='ltr'><strong>Alcaei</strong></span> 
     </span>
    </p>
   </div>
   <div class='ocr_carea' id='block_1_22' title="bbox 185 3325 1901 3449">
    <p class='ocr_par' dir='ltr' id='par_1_24' title="bbox 185 3325 1901 3449">
     <span class='ocr_line' id='line_1_38' title="bbox 1070 3325 1901 3401; baseline 0.037 -36"><span class='ocrx_word' id='word_1_215' title='bbox 1070 3325 1174 3380; x_wconf 86' lang='lat' dir='ltr'><strong>est,</strong></span> <span class='ocrx_word' id='word_1_216' title='bbox 1210 3339 1311 3373; x_wconf 90' lang='lat' dir='ltr'><strong><em>nec</em></strong></span> <span class='ocrx_word' id='word_1_217' title='bbox 1348 3326 1563 3397; x_wconf 82' lang='lat' dir='ltr'>dubito,</span> <span class='ocrx_word' id='word_1_218' title='bbox 1601 3335 1731 3401; x_wconf 82' lang='lat' dir='ltr'>quin</span> <span class='ocrx_word' id='word_1_219' title='bbox 1762 3340 1901 3397; x_wconf 85' lang='lat' dir='ltr'><strong>iusta</strong></span> 
     </span>
     <span class='ocr_line' id='line_1_39' title="bbox 185 3370 632 3449; baseline 0.045 -32"><span class='ocrx_word' id='word_1_220' title='bbox 185 3370 407 3442; x_wconf 74' lang='lat' dir='ltr'>stropha</span> <span class='ocrx_word' id='word_1_221' title='bbox 441 3374 632 3449; x_wconf 81' lang='lat' dir='ltr'><strong>fuerit,</strong></span> 
     </span>
    </p>
   </div>
   <div class='ocr_carea' id='block_1_23' title="bbox 674 3396 1898 3486">
    <p class='ocr_par' dir='ltr' id='par_1_25' title="bbox 674 3396 1898 3486">
     <span class='ocr_line' id='line_1_40' title="bbox 674 3396 1898 3486; baseline 0.038 -49"><span class='ocrx_word' id='word_1_222' title='bbox 674 3405 704 3438; x_wconf 86' lang='lat' dir='ltr'><strong>e</strong></span> <span class='ocrx_word' id='word_1_223' title='bbox 737 3406 842 3458; x_wconf 87' lang='lat' dir='ltr'><strong><em>qua</em></strong></span> <span class='ocrx_word' id='word_1_224' title='bbox 880 3396 1227 3471; x_wconf 74' lang='lat' dir='ltr'><strong>adscripserit</strong></span> <span class='ocrx_word' id='word_1_225' title='bbox 1263 3408 1492 3467; x_wconf 77' lang='lat' dir='ltr'><strong>Aristot.</strong></span> <span class='ocrx_word' id='word_1_226' title='bbox 1532 3434 1673 3486; x_wconf 84' lang='lat' dir='ltr'>quae</span> <span class='ocrx_word' id='word_1_227' title='bbox 1706 3425 1775 3477; x_wconf 79' lang='lat' dir='ltr'><strong><em>ad</em></strong></span> <span class='ocrx_word' id='word_1_228' title='bbox 1810 3449 1898 3482; x_wconf 83' lang='lat' dir='ltr'><strong><em>se-</em></strong></span> 
     </span>
    </p>
   </div>
  </div>
 </body>
</html>
