2293 3650
1055 224 1098 279 7

198 396 381 429 novem
417 378 705 425 illustrium
723 375 1086 439 feminarum,
1128 379 1391 442 Sapphus,
1426 381 1683 440 Erinnae,
1724 384 1926 448 Ilsyrus,

195 463 466 530 BIyrtidis,
504 463 788 519 Corinnae,
824 463 1116 522 Telesillae,
1150 467 1447 524 Praxillae,
1481 468 1748 528 Nossidis,
1777 472 1926 536 Any-

194 561 293 598 tae.
365 552 439 599 Et
479 551 779 614 lyricorum,
816 550 1108 612 Alcmanis,
1149 553 1469 615 Stesichori,
1510 555 1721 616 Alcaei,
1756 558 1923 622 Ibyci,

191 636 584 694 Anacreontis,
636 637 955 696 Simonidis,
1001 638 1356 703 Bacchylidis.
1438 644 1663 708 Elegiae
1705 647 1924 708 Tyrtaei

190 734 242 772 et
272 725 594 772 Mimnermi.
663 723 926 770 Bucolica
951 725 1145 772 Bionis
1180 735 1232 773 et
1265 727 1494 790 Moschi,
1526 731 1729 778 Latino
1766 750 1921 780 versu

196 829 233 859 a
282 812 451 859 Laur.
505 809 782 858 Gambara
832 827 1092 872 expressa.
1205 813 1509 873 Cleanthis,
1547 816 1918 879 ‘Moschionis,

187 899 516 962 aliorumque
538 896 854 960 fragmenta
892 914 1030 944 nunc
1054 901 1293 962 primum
1329 901 1490 949 edita.
1562 904 1648 951 Ex
1675 902 1916 951 biblioth.

185 986 369 1032 Fulvii
426 985 608 1033 Ursini
653 983 900 1032 Romani.
992 985 1350 1051 Antverpiae,
1405 1007 1468 1037 ex
1505 979 1720 1054 officina
1761 989 1919 1037 Chri-

182 1070 350 1134 stoph.
377 1070 635 1116 Plantini.
679 1068 833 1122 1568.
875 1067 923 1122 8.
994 1072 1060 1121 In
1099 1068 1441 1126 dedicatione
1479 1075 1548 1128 ad
1585 1074 1751 1128 Alex.
1776 1072 1918 1125 Far-

180 1155 395 1208 nesium
428 1154 777 1216 Cardinalem
818 1155 1047 1226 scripta,
1104 1177 1219 1208 cum
1259 1165 1371 1209 iam
1403 1164 1662 1225 viderem,
1718 1159 1915 1228 inquit,
1954 1222 1957 1223 ⁷

182 1265 219 1294 a
260 1245 579 1310 quibusdam
618 1245 992 1294 eruditissimis
1038 1250 1173 1295 viris
1212 1259 1372 1314 atque
1410 1251 1671 1298 eruendae
1707 1266 1734 1296 e
1773 1257 1918 1296 tene-

180 1333 291 1381 bris
326 1334 674 1397 antiquitatis
711 1333 884 1379 studio
924 1333 1117 1381 deditis
1152 1335 1456 1385 huiusmodi
1474 1338 1915 1404 fragmentorum

170 1430 335 1484 parte
376 1419 615 1484 quadam
650 1419 871 1465 collecta
910 1431 961 1468 et
996 1422 1136 1469 edito
1171 1424 1432 1472 volumine
1457 1426 1704 1491 vulgatas,
1744 1422 1913 1471 multa

136 1517 143 1527 ‘
178 1518 357 1554 tamen
391 1509 449 1553 in
486 1509 555 1553 iis
593 1508 825 1564 omissa,
888 1507 1212 1573 dignissima
1251 1513 1497 1574 inprimis
1547 1530 1682 1577 quae
1725 1511 1913 1574 legan-

178 1604 283 1651 tur,
320 1610 616 1656 superesse,
675 1594 840 1639 multa
879 1596 1044 1641 etiam
1091 1613 1196 1643 non
1229 1601 1362 1644 satis
1399 1600 1670 1648 emendate
1703 1599 1911 1660 scripta

179 1677 545 1741 circumferri,
602 1680 775 1725 visum
827 1687 903 1725 est
953 1680 1114 1737 mihi,
1175 1700 1312 1746 quae
1358 1685 1615 1734 hactenus
1661 1687 1730 1734 ab
1777 1685 1911 1747 ipsis

176 1769 440 1827 impressa
469 1761 726 1825 fuissent,
767 1764 950 1809 eadem
983 1767 1104 1826 ipsa
1135 1772 1387 1829 primum,
1425 1790 1525 1835 quo
1564 1784 1720 1821 erant
1761 1789 1795 1821 a
1830 1787 1910 1819 me

176 1852 360 1900 ordine
390 1851 610 1898 collecta
647 1858 698 1895 et
727 1849 946 1896 scholiis
985 1851 1252 1912 indicata,
1293 1857 1687 1923 qualiacunque
1723 1868 1908 1918 essent,

161 1941 326 2006 foras
363 1938 505 1985 dare.
602 1934 673 1986 Et
705 1934 873 2005 paulo
911 1944 1062 2006 post:
1119 1938 1253 1988 haec
1293 1952 1494 2001 autem,
1548 1962 1686 2008 quae
1723 1963 1819 1994 nos
1850 1948 1911 1992 in

161 2030 480 2092 praesentia
528 2026 746 2083 damus,
794 2025 1087 2073 cuiusmodi
1141 2031 1273 2091 sint,
1325 2030 1643 2080 'iudicabunt
1682 2036 1752 2091 ii,
1816 2035 1910 2098 qui

175 2134 240 2164 ea
275 2133 391 2161 cum
424 2115 742 2174 scriptorum
777 2112 1072 2172 codicibus,
1122 2132 1148 2161 e
1187 2118 1378 2180 quibus
1416 2117 1727 2183 deprompta
1768 2130 1910 2178 sunt,

177 2202 525 2251 contulerint:
560 2215 654 2245 nec
696 2201 836 2245 enim
870 2217 971 2246 uno
1011 2210 1106 2246 aut
1141 2203 1336 2262 altero,
1393 2204 1488 2250 sed
1512 2207 1756 2267 pluribus
1790 2227 1909 2256 ma-

178 2289 466 2349 nuscriptis
535 2285 926 2348 exemplaribus
990 2290 1048 2335 in
1113 2287 1418 2337 huiusmodi
1475 2291 1908 2359 fragmentorum

177 2374 459 2421 collatione
510 2374 595 2419 usi
642 2389 841 2430 sumus,
901 2391 996 2420 nec
1035 2393 1060 2422 e
1096 2377 1334 2440 vulgatis
1384 2387 1594 2428 tantum
1628 2387 1908 2447 scriptori-

179 2461 301 2524 bus,
341 2461 436 2508 sed
467 2461 528 2507 de
565 2477 671 2506 non
707 2459 866 2506 editis
905 2463 1070 2510 etiam
1094 2465 1357 2530 pleraque
1395 2465 1779 2532 descripsimus.
1841 2470 1908 2522 In

177 2545 497 2598 collectione
561 2544 676 2614 ipsa
736 2543 985 2614 primum
1047 2549 1231 2619 posuit
1285 2549 1594 2605 testimonia
1655 2565 1908 2608 veterum

175 2633 539 2702 scriptorum,
574 2640 693 2682 tum
728 2630 1036 2700 fragmenta
1074 2636 1326 2700 metrica,
1363 2638 1598 2710 denique
1637 2661 1727 2706 ea,
1768 2661 1908 2712 quae

175 2739 207 2772 a
243 2718 602 2790 scriptoribus
648 2716 886 2788 pedestri
933 2721 1172 2773 orationi
1208 2722 1504 2778 intertexta
1552 2738 1703 2791 sunt,
1758 2731 1909 2784 indi-

177 2807 308 2860 catis
345 2808 511 2858 etiam
553 2804 685 2856 locis
722 2804 820 2867 iiS,
852 2808 1001 2860 unde
1034 2808 1136 2861 ista
1168 2811 1337 2884 petissa
1373 2821 1513 2864 sunt.
1586 2815 1654 2867 In
1689 2817 1923 2886 scholiis«

177 2896 246 2948 ad
279 2895 483 2947 calcem
520 2892 772 2944 subiectis
809 2893 1103 2949 illustravit
1137 2899 1363 2950 metrica
1390 2909 1622 2966 tantum,
1659 2913 1710 2954 et
1742 2905 1908 2972 Ιοεοε,

175 2982 322 3035 unde
366 2981 653 3052 desumpta
688 2989 841 3045 sunt,
878 2982 1291 3038 demonstravit.
1362 2987 1583 3042 Scholia
1618 2991 1676 3044 in
1711 2991 1907 3047 Alcaei

176 3069 244 3122 fr.
284 3069 565 3141 pertinent
602 3087 633 3120 a
670 3087 725 3139 p.
763 3068 865 3140 509
893 3100 960 3110 —
988 3073 1107 3141 317.

315 3155 645 3225 Fragmenta
692 3156 999 3226 lyricorum
1033 3160 1273 3213 subiecta
1306 3163 1473 3217 etiam
1506 3176 1632 3218 sunt
1680 3166 1908 3220 editioni

183 3243 657 3296 Commelinianae
693 3243 952 3297 Pindari:
1014 3251 1243 3314 Λυρικοί.
1293 3254 1600 3302 Carminutn
1623 3255 1908 3318 poetarum

181 3332 268 3378 IX
300 3330 652 3395 fragmenta,
688 3334 899 3392 Alcaei,
948 3338 1213 3400 SapphuS,
1258 3341 1472 3388 Stesich.
1511 3341 1672 3403 Ibyci,
1711 3343 1907 3391 Anacr.
