2293 3650
1016 271 1112 312 VII

218 395 421 461 demum
449 410 602 460 editio
637 426 812 457 eormn
840 411 1080 457 librorum
1114 405 1357 471 prodiret,
1412 423 1538 474 quae
1573 417 1619 454 et
1647 407 1817 456 diviuo
1841 412 1929 458 1110

216 524 419 588 ingenio
459 531 506 570 et
552 520 796 570 hodierna
847 524 962 568 artis
1001 530 1050 566 et
1096 521 1294 566 criticae
1335 529 1383 566 et
1426 523 1779 585 grammaticae
1817 523 1929 572 luce

218 633 369 700 digna
405 644 543 682 esset.
621 629 741 697 Quo
766 636 921 700 magis
949 633 1093 682 doleo
1112 670 1124 688 ‚
1171 641 1273 678 tam
1297 631 1507 695 paulum
1532 630 1649 681 Tibi
1682 636 1773 684 otii
1807 654 1948 688 con-2

215 748 411 811 tigisse,
463 757 517 794 ut
545 749 640 796 uix
677 764 871 812 sperare
903 747 1079 804 liceat,
1140 740 1284 809 Tibi,
1340 759 1469 810 quae
1502 744 1602 791 iam
1638 744 1831 797 dudum
1871 749 1930 798 de

211 855 423 908 Platone
460 868 824 908 commentatus
862 875 941 918 es,
995 875 1068 905 eax
1089 854 1347 922 digerendi
1386 863 1436 903 et
1472 855 1762 911 elaborandi
1786 871 1931 926 pote-

210 979 390 1018 statem
415 969 588 1019 datum
625 971 703 1018 iri.
788 968 892 1020 Sed
919 987 1025 1019 non
1053 966 1421 1034 desperandum
1459 979 1562 1031 θεῖς
1614 985 1736 1019 nam
1772 982 1822 1021 et
1854 971 1930 1023 Te

213 1083 476 1129 consilium
500 1081 683 1131 edendi
710 1079 933 1133 Platonis
969 1082 1200 1132 nondum
1228 1062 1491 1144 abiecisse,
1543 1099 1692 1148 saepe
1727 1102 1792 1133 ex
1825 1104 1931 1134 ser-

209 1195 442 1244 monibus
467 1192 591 1245 Tuis
616 1197 876 1258 intellexi,
918 1206 967 1244 et
988 1213 1052 1244 ne
1080 1211 1308 1262 unquam
1334 1193 1535 1242 abiicias
1553 1232 1565 1256 ,
1609 1205 1658 1242 et
1683 1207 1932 1263 quantum

210 1303 327 1355 Tibi
358 1308 709 1373 importunitas
743 1306 1014 1357 hominum
1044 1309 1172 1355 fores
1207 1306 1519 1373 pulsantium
1543 1311 1780 1374 temporis
1807 1328 1931 1360 con-

208 1417 380 1479 cedat,
445 1418 500 1468 id
544 1422 600 1468 in
646 1437 794 1487 opere
831 1422 922 1469 illo
967 1418 1269 1485 perficiendo
1309 1420 1520 1469 colloces
1565 1433 1614 1469 et
1648 1439 1928 1486 consumas,

205 1546 292 1593 per
329 1530 370 1578 si
415 1547 516 1598 qua
548 1543 621 1581 est
656 1533 712 1581 in
751 1529 828 1583 Te
869 1550 1159 1582 communes
1194 1533 1384 1582 litteras
1431 1532 1641 1582 iuvandi
1680 1536 1929 1596 voluntas,

1142 1605 1150 1622 2

207 1657 336 1706 quae
365 1658 566 1690 summa
592 1653 693 1703 est,
732 1652 847 1706 peto
875 1654 924 1691 et
945 1646 1166 1693 obsecro.
1238 1640 1437 1694 Interea
1459 1645 1521 1695 de
1546 1647 1667 1695 locis
1693 1648 1770 1709 iis,
1807 1665 1931 1714 quon

209 1753 446 1816 tetigisti²
481 1751 733 1818 quaedam
756 1754 888 1798 inter
914 1768 1005 1800 nos
1042 1754 1375 1803 conferamus.
1450 1751 1514 1804 In
1554 1758 1735 1824 quibus
1770 1759 1812 1805 si
1846 1776 1928 1807 me

204 1879 577 1931 nonnunquam
604 1861 982 1911 dissentientem
1008 1864 1289 1925 inveneris,
1327 1880 1433 1912 non
1463 1882 1667 1929 vereor,
1704 1882 1771 1915 ne
1800 1868 1930 1916 mihi

205 1993 524 2039 succensea53
563 1983 764 2024 tantum
789 1976 927 2023 enim
960 1976 1073 2024 abes
1100 1976 1160 2023 ab
1195 1993 1373 2024 eorum
1405 1973 1675 2026 hominum
1706 1982 1927 2030 vanitate

204 2100 254 2139 et
280 2090 588 2154 arrogantia,
629 2089 719 2155 qui
750 2087 1094 2136 fflssentientes
1128 2089 1250 2136 alios
1274 2087 1484 2153 indigne
1515 2090 1714 2155 ferunt,
1759 2101 1809 2141 et
1833 2095 1929 2141 sibi

202 2202 297 2249 soli
326 2217 495 2266 sapere
530 2199 793 2261 videntur,
847 2196 1040 2266 (quales
1076 2198 1306 2249 homines
1341 2199 1443 2248 fere
1468 2211 1612 2264 sunt,
1665 2203 1754 2270 qui
1785 2208 1929 2272 quasi

202 2313 509 2361 sellulariam
531 2308 781 2376 factitant)
809 2321 864 2359 ut
889 2313 1008 2360 alios
1040 2313 1191 2360 etiam
1218 2311 1282 2361 ad
1309 2330 1368 2361 ea
1399 2329 1531 2381 quae
1561 2316 1812 2378 sentiunt,
1859 2320 1926 2366 h·-

203 2425 317 2472 bere
355 2423 659 2490 profitenda,
712 2426 801 2473 etsi
847 2442 875 2473 a
909 2424 1095 2500 iudicio
1125 2419 1240 2473 Tuo
1283 2423 1633 2488 abhorrentia,
1671 2445 1923 2494 provoces,

202 2552 493 2601 persuasum
527 2535 716 2585 habens
735 2575 747 2598 ,
795 2535 930 2585 nihil
962 2539 1068 2585 ulla
1105 2537 1161 2585 in
1186 2555 1238 2585 re
1264 2538 1435 2602 profici
1469 2555 1637 2605 posse,
1688 2542 1784 2589 nisi
1810 2558 1927 2590 sen-

202 2650 368 2697 tentiis
393 2651 448 2696 in
472 2659 737 2717 utramque
761 2660 956 2716 partem
979 2648 1122 2698 dictis
1150 2666 1422 2718 earumque
1448 2654 1751 2716 argumentis
1772 2655 1925 2718 probe

200 2761 468 2825 perspectis
495 2769 543 2809 et
567 2761 868 2826 ponderatis.

342 2981 539 3034 Primus
565 2988 734 3049 locus,
786 2987 847 3035 de
875 3005 976 3055 quo
1014 2988 1266 3054 disputas,
1316 2979 1388 3037 est
1426 2988 1478 3036 in
1505 2990 1632 3038 libro
1671 2990 1731 3037 de
1771 3007 1921 3055 repu-

201 3093 328 3144 blica
352 3107 494 3147 sexto
530 3116 579 3164 p.
610 3098 731 3148 497.
761 3096 823 3148 Ε.
864 3092 1045 3151 σκόπει
1079 3097 1134 3152 δὲ
1176 3100 1258 3150 καὶ
1292 3102 1384 3152 νῦν
1418 3095 1484 3160 ὥς
1523 3098 1806 3169 προθύμως
1841 3102 1949 3153 καὶ’

199 3206 706 3271 παρακινδυνευτικῶς
728 3206 894 3276 μέλλω
919 3208 1106 3279 λέγειν,
1134 3206 1214 3264 ὅτι
1241 3208 1530 3265 τούναντίον
1552 3208 1584 3279 ἢ
1615 3215 1703 3264 νῦν
1729 3211 1807 3264 δεῖ
1833 3216 1922 3263 τοῦ

199 3312 592 3384 ε’πιτηὸεὖμαιος
640 3316 822 3374 τούτου
859 3319 1013 3376 πάλιν
1053 3318 1314 3377 ἅπτεσθαι
1337 3359 1352 3385 ,
1413 3326 1467 3374 in
1507 3343 1606 3392 quo
1655 3321 1919 3375 Bekkeruz
