2293 3650
1078 239 1167 301 46

258 427 312 481 p.
349 405 483 480 594,
522 404 609 459 54.
694 399 781 455 De
818 398 924 451 hoc
959 391 1141 446 verbo
1172 388 1241 443 cf.
1275 389 1540 463 Apollon.
1573 394 1682 449 lex·
1717 393 1885 448 Hom.
1924 413 1978 467 p.

258 496 382 550 465.
419 495 470 548 Τ
474 493 565 546 011.
618 484 858 557 Hesych.
897 502 951 537 v.
987 477 1185 548 μύνῃσι.
1252 477 1490 551 Interpr.
1527 481 1596 532 ad
1633 481 1887 534 eumdem
1923 500 1978 534 v.

255 586 423 649 μῦσαι.
496 577 740 630 Zonaras
789 591 843 646 p.
886 571 1036 637 1577·
1078 574 1130 618 et
1171 564 1322 636 1579.
1394 565 1509 635 Qui
1543 561 1673 634 μύνη
1709 586 1812 638 pro
1852 563 1981 637 μονή

257 669 463 721 dictum
493 663 704 726 volunt,
739 658 1069 713 refelluntur
1097 651 1460 726 productione
1482 652 1685 706 vocalis
1708 673 1757 705 v.
1795 653 1981 707 Luzac

253 750 433 807 Praef.
461 750 530 804 ad
556 748 774 803 Gallim.
801 746 871 798 el.
897 744 981 797 ed.
1007 741 1201 796 Valck.
1234 759 1285 812 p.
1313 737 1480 792 XIV.
1515 738 1983 796 Valckenaerium

253 837 695 912 1‘ep1'ehenden8‚
765 831 914 904 quod
964 832 1024 883 in
1060 828 1365 897 analogiam
1402 825 1437 877 l.
1474 843 1554 895 gr.
1590 825 1657 878 ab
1693 826 1985 880 Hemster-

253 927 413 979 husio
462 923 719 976 traditam
765 935 949 972 acrem
998 916 1118 968 vim
1161 912 1370 984 ingenii
1410 912 1672 966 adhibere
1706 933 1821 967 non
1856 934 1986 986 per-

250 1012 510 1073 rexisset,
564 1009 701 1061 haec
737 1006 895 1058 dicit:
949 1038 979 1065 ,,
994 995 1102 1070 μύω
1128 1020 1344 1068 prenw,
1387 1003 1671 1064 premendo
1710 1003 1897 1052 claudo
1935 1013 1988 1052 et

253 1101 452 1150 occulto
489 1115 615 1149 cum
651 1091 933 1164 significet,
967 1085 1106 1157 μύνω
1141 1083 1336 1142 forma'
1358 1087 1623 1158 producta
1657 1107 1685 1141 a
1718 1083 1844 1155 μύω,
1879 1108 1986 1141 no-

250 1197 330 1240 tat
367 1189 593 1238 alterum
641 1184 860 1241 claudo,
924 1181 1154 1238 occulto,
1215 1178 1321 1225 celo
1333 1193 1355 1235 ;
1421 1168 1637 1240 μύιόμαι
1682 1195 1760 1226 me
1812 1180 1985 1242 ipsum

255 1277 474 1335 occulto,
510 1283 733 1323 mentem
762 1286 934 1319 meam
967 1268 1093 1328 celo,
1129 1281 1264 1317 vera
1295 1260 1467 1313 animi
1497 1280 1653 1313 sensa
1687 1263 1786 1315 sub
1822 1282 1986 1334 prae-

254 1370 407 1413 textu
474 1356 783 1420 abscond0‚
867 1352 1168 1422 quaesitam
1225 1368 1448 1402 causam
1505 1349 1774 1402 voluntati
1829 1367 1987 1402 meae

252 1457 533 1520 praetexe,
568 1444 983 1513 προφασίζομαι.“
1056 1438 1321 1490 Contorta
1350 1456 1484 1489 vero
1513 1438 1683 1489 ratio!
1725 1436 1792 1488 ad
1823 1455 1984 1506 quarn

251 1535 466 1606 saepius
504 1551 672 1603 quam
708 1549 810 1602 par
847 1537 950 1590 est,
998 1522 1295 1592 confugere
1332 1532 1632 1592 coguntur,
1673 1523 1768 1592 qui
1801 1523 1988 1576 omnia

252 1641 322 1675 ex
357 1620 639 1690 analogiae
675 1619 820 1670 illius
856 1611 1159 1685 praeceptis
1195 1607 1469 1678 explicare
1506 1617 1799 1672 conantur3
1849 1628 1987 1679 quae

252 1727 412 1762 causa
457 1707 688 1758 fortasse
732 1700 955 1773 impulit
993 1696 1186 1749 Valck.
1235 1702 1326 1756 ut,
1376 1712 1513 1763 quae
1560 1693 1774 1747 iuvenis
1825 1697 1988 1750 avide

251 1793 601 1867 arripuisset,
639 1800 850 1863 postea,
893 1804 1065 1857 quum
1102 1782 1189 1834 vir
1223 1781 1398 1833 factus
1435 1789 1488 1831 et
1523 1789 1634 1832 tota
1670 1781 1986 1851 antiquitate

254 1883 545 1952 diligenter
579 1877 937 1948 perlustrata,
999 1888 1163 1939 quam
1201 1867 1344 1918 nihil
1381 1865 1500 1918 fere
1536 1867 1594 1918 in
1632 1886 1693 1919 ea
1730 1870 1988 1939 praesidii

251 1977 418 2028 esset,
465 1961 853 2022 intellexisset,
899 1956 1111 2011 somnia
1145 1955 1239 2008 illa
1270 1955 1686 2024 interpretanda
1713 1954 1984 2010 Scheidiis
2037 2016 2042 2021 f

250 2055 482 2123 aliisque
519 2050 875 2119 relinqueret.
962 2045 1156 2097 Obstat
1191 2043 1274 2094 illi
1311 2041 1779 2111 interpretationi,
1839 2047 1984 2113 quod

250 2142 311 2194 in
363 2141 486 2191 loco
536 2137 733 2191 Alcaei
778 2127 1056 2201 μυνάμενος
1105 2149 1231 2182 cum
1281 2128 1585 2180 accusativo
1635 2131 1987 2200 construitur,

249 2227 399 2298 quod
435 2223 726 2278 confirmat
769 2220 939 2272 schol.
972 2219 1143 2271 Hom.
1180 2215 1401 2284 ἀλλαχοῦ
1435 2213 1738 2281 ἀποτρέπων
1775 2213 1832 2269 τὸ
1868 2219 1988 2273 ἑαυ-

249 2318 343 2368 τοῦ
368 2312 547 2382 νόημα.
588 2310 733 2363 Cum
756 2306 861 2358 hoc
885 2305 1155 2375 congruit,
1191 2302 1338 2373 quod
1365 2318 1433 2353 ex
1458 2299 1704 2354 Arcadio
1730 2302 1984 2357 Gramm-

250 2400 462 2454 inedito
510 2400 637 2450 citat
673 2392 893 2448 Alberti
936 2392 1003 2444 ad
1041 2389 1284 2460 Hesych.
1327 2407 1381 2441 v·
1429 2382 1641 2457 μύνῃσι·
1704 2385 1899 2459 Mam,
1946 2389 1980 2460 ἦ

252 2483 437 2556 τροπή.
529 2484 623 2537 An
674 2480 867 2551 igitur,
927 2487 989 2530 ut
1033 2495 1136 2548 pro
1181 2473 1429 2546 ἀβληχρὸς
1471 2471 1712 2545 βληχρός,
1767 2477 1843 2528 sic
1879 2496 1983 2548 pro

250 2569 422 2640 ἆμύνω
460 2572 664 2625 dictum
703 2576 781 2619 est
816 2563 979 2632 μύνω,
1039 2573 1099 2616 ut
1138 2559 1394 2629 μύνεσθαι
1428 2562 1655 2633 proprie
1690 2572 1826 2616 esset
1861 2583 1890 2616 a
1926 2583 1984 2617 se

251 2679 542 2713 removere
578 2659 616 2711 1.
653 2663 929 2716 avertere,
979 2651 1177 2704 deinde
1212 2650 1439 2702 omnino
1476 2650 1815 2716 ἀποτρέπειν.)
1875 2651 1985 2704 Sed

253 2757 401 2800 recte
436 2743 639 2798 Blomf.
673 2740 948 2811 μυνάμειυς
984 2739 1187 2792 aeolice
1225 2738 1332 2789 dici
1370 2757 1475 2810 pro
1510 2732 1791 2804 μυνώμενος
1826 2738 1984 2791 vide·-

252 2844 374 2886 tur:
423 2851 455 2885 a
488 2832 618 2902 μύνη
656 2832 803 2884 enim
841 2829 903 2881 fit
937 2822 1119 2894 μυνάω.
1202 2825 1354 2878 Tum
1388 2844 1493 2896 pro
1528 2821 1655 2876 ἀλλά
1691 2824 1858 2877 schol.
1893 2824 1982 2876 vel

253 2918 379 2972 ἄλλο
424 2919 574 2971 Eust.
612 2917 965 2971 scribendum
1001 2933 1115 2968 esse
1159 2910 1318 2984 ἄλλᾳ,
1380 2932 1410 2964 e
1446 2911 1617 2964 schol.
1652 2912 1982 2982 interpreta-

256 3006 406 3059 tione
453 3004 670 3076 ἀλλαχοῦ
715 3013 957 3078 apparet.
1041 3000 1218 3053 Totus
1267 3018 1456 3053 versus
1508 2986 1675 3069 igitur
1721 2997 1797 3050 sic
1844 2995 1982 3050 scri-

257 3094 468 3149 bendus
500 3103 606 3147 est:
797 3090 800 3094 ’
948 3082 951 3091 ’

545 3261 664 3318 οὗδέ
707 3283 758 3314 τι
804 3255 1076 3328 μυνᾶμενος
1119 3252 1250 3326 ἄλλᾳ
1298 3253 1355 3308 τὸ
1401 3251 1564 3325 νόημα

550 3358 1223 3421 -υυφΙ-ον-Ιουν-Ιν
