2293 3650
1089 287 1094 291 -
1166 250 1210 311 4

323 423 476 478 cant,
527 411 796 466 Alcaeum
844 406 912 460 ad
950 405 1056 458 hoc
1092 400 1319 458 levioris
1355 403 1534 476 poesis
1578 421 1748 476 genus
1782 422 1895 458 non
1931 404 2054 457 satis

322 502 589 555 idoneum
641 496 835 567 sulisse3
898 492 1067 546 scolia
1119 491 1267 544 enim
1319 481 1492 560 quum
1529 493 1823 564 praecipue
1860 510 2052 561 graves

322 599 483 658 atque
534 587 601 638 ad
649 585 821 637 vitam
882 591 935 634 et
984 579 1259 652 publicam
1320 588 1373 631 et
1421 580 1695 650 privatam
1754 579 2054 649 regendam

322 676 481 728 utiles
517 673 807 725 sententias
857 670 1234 729 continerent,
1284 666 1518 737 lyricam
1553 668 1667 719 vim
1707 676 1760 719 et
1795 666 2055 737 spiritum

322 762 578 818 maxime*
613 759 966 830 recipiebant.
1060 756 1147 807 De
1193 754 1384 826 ceteris
1424 755 1755 806 carminibus
1793 753 2056 805 conviva-

321 850 464 902 libus
515 856 568 899 et
607 847 673 899 de
713 844 989 898 amatoriis
1029 844 1213 895 valere
1262 852 1428 913 put0,
1489 841 1631 910 quod
1685 840 1876 908 Quint.
1924 840 2056 892 dicit

322 937 358 989 l.
397 954 442 988 c.
480 938 575 985 sed
609 938 684 984 acl
717 937 858 982 lusus
897 943 947 980 et
985 949 1189 980 amores
1227 933 1511 989 descendit,
1549 918 1845 979 maioribz’cs
1877 940 2056 978 tamen

325 1030 505 1089 aptior
531 1024 636 1083 ¹2),
676 1037 914 1088 quocum
950 1016 1218 1068 consentit
1244 1017 1440 1068 Iuliant
1479 1016 1926 1086 inMisopogone
1959 1013 2055 1080 ¹³).

324 1109 681 1180 Quamquam
733 1105 927 1156 Sextus
964 1103 1276 1175 Empiricus
1315 1122 1434 1161 cos,
1486 1101 1578 1171 qui
1628 1103 1820 1157 insano
1868 1119 2057 1153 amore

325 1198 468 1269 capti
493 1198 613 1261 sint,
651 1204 704 1248 et
729 1194 989 1258 ebriosos,
1027 1211 1199 1260 quum
1218 1190 1411 1243 Alcaei
1440 1189 1527 1241 vel
1545 1188 1910 1242 Anacreontis
1934 1207 2058 1240 car-

323 1286 473 1338 mina
527 1285 737 1353 legant,
801 1281 968 1350 magis
1021 1280 1186 1329 etiam
1239 1276 1578 1331 inflammari
1643 1283 2056 1327 commemorat.

322 1373 500 1444 lWagis
549 1381 735 1442 aptum
783 1368 896 1420 eius
943 1366 1229 1435 ingenium
1279 1366 1345 1416 ad
1394 1365 1631 1434 hymnos
1678 1362 1844 1414 fuisse
1882 1360 2060 1413 conii·-

325 1460 459 1524 cias,
505 1456 939 1528 quamquam·de
978 1453 1060 1506 his
1096 1453 1358 1504 iudicium
1399 1451 1597 1503 veteris
1633 1449 1916 1522 scriptoris
1946 1467 2058 1500 non

325 1556 513 1600 exstat.
585 1545 788 1596 Parvas
826 1543 937 1594 eius
975 1551 1027 1592 et
1065 1541 1317 1612 Sapphus
1354 1539 1603 1609 strophas
1642 1538 1837 1599 fuisse,
1887 1553 2059 1605 quum

326 1634 667 1686 Stesichorus
718 1642 770 1683 et
816 1630 1084 1682 Pindarus
1143 1627 1438 1696 ampliores
1496 1626 1753 1696 periodos
1800 1623 2062 1687 facerent,

326 1728 550 1772 annotat
565 1719 794 1788 Dionys.
809 1717 986 1769 Halic.
1019 1715 1086 1767 de
1113 1723 1297 1765 struet.
1324 1731 1403 1764 or.
1429 1732 1467 1784 p
1499 1713 1616 1764 262.
1643 1711 1726 1762 ed.
1745 1709 1958 1762 Schaef.
1979 1712 2058 1778 Ῑ4)

385 1908 453 1957 12)
495 1900 585 1944 Sed
616 1899 752 1943 dubia
783 1908 849 1942 est
883 1900 976 1942 loci
1004 1900 1171 1949 lecti03
1227 1912 1504 1954 quamquam
1540 1896 1658 1939 mihi
1697 1899 1781 1939 vix
1821 1892 2063 1949 probabile

440 1986 507 2020 est
527 2007 538 2028 ‚
569 1979 618 2018 in
646 1977 842 2018 lectione
875 1974 974 2016 cod.
1008 1974 1165 2016 Tui-ic.
1196 1974 1275 2012 secl
1305 1980 1349 2012 et
1381 1973 1474 2012 eius
1503 1971 1565 2011 sit
1595 1973 1732 2014 latere
1761 1970 1880 2012 hanc
1909 1968 1988 2008 sed
2019 1972 2064 2006 et

444 2051 578 2090 Teius
608 2049 666 2089 sit
684 2081 696 2100 ‚
727 2049 818 2090 hoc
848 2057 999 2090 autem
1035 2048 1166 2086 Teius
1197 2062 1221 2088 a
1250 2047 1368 2087 male
1397 2045 1557 2086 sedulo
1588 2045 1788 2100 librario:
1807 2057 1832 2085 e
1861 2044 2062 2096 margine

439 2128 491 2166 in
522 2131 797 2165 contextum
828 2123 1007 2162 illatum
1049 2134 1146 2162 esse
1192 2119 1352 2174 (quasi
1397 2132 1507 2160 vero
1557 2117 1655 2157 Teii
1695 2130 1862 2158 nomen
1906 2119 2062 2158 notius

441 2196 583 2238 fuerit
613 2195 811 2237 librariis
850 2208 987 2249 quam
1018 2191 1366 2245 Anacreontis),
1406 2206 1460 2234 eo
1499 2201 1649 2233 autem
1683 2191 1833 2233 denuo
1864 2190 2063 2245 expulso

439 2269 689 2323 legendum
720 2281 816 2309 esse
849 2268 938 2306 bed
967 2266 1206 2306 Anacreon
1238 2264 1361 2314 lusit,
1406 2279 1541 2319 quam
1585 2264 1943 2306 emendationem
1973 2264 2063 2304 sci-

437 2342 546 2383 licet
568 2339 756 2393 Sarpius
780 2347 1066 2382 commentus
1092 2347 1170 2380 est.
1206 2337 1314 2379 vid.
1337 2337 1589 2383 Frotscher.
1620 2337 1672 2378 ad
1704 2338 1858 2378 locum
1894 2334 2059 2390 Quint.

439 2413 604 2457 Potius
655 2413 869 2456 librarius
909 2414 1069 2455 Turio.
1118 2411 1310 2453 scribere
1350 2413 1551 2453 voluisse
1587 2410 1790 2459 videtur,
1845 2408 1971 2464 quod
2011 2411 2061 2451 in

443 2488 582 2530 Voss.
619 2501 655 2534 ι,
687 2501 727 2527 2.
758 2488 942 2541 legitur,
987 2487 1065 2525 sad
1104 2493 1146 2525 et
1184 2484 1308 2524 lusit.
1381 2485 1464 2527 Sic
1507 2487 1659 2525 omnia
1692 2486 1868 2538 egregie
1896 2486 1945 2523 in
1974 2480 2061 2524 Al·
2107 2521 2113 2524 s

444 2574 603 2602 caeum
634 2564 939 2611 conveniunt,
978 2563 1129 2601 minus
1159 2562 1207 2599 in
1234 2557 1566 2600 anacreontem
1600 2558 1724 2613 quod
1753 2558 1934 2600 additur
1963 2570 2061 2597 ma-

443 2633 611 2674 ioribus
655 2641 801 2675 tamen
849 2633 1017 2687 aptior.
1105 2632 1440 2674 Anacreontem
1491 2640 1642 2673 autem
1699 2635 1853 2673 omisit
1899 2628 2059 2686 Quint.

442 2708 658 2764 exemplo
675 2708 903 2760 Dionysii,
938 2709 1020 2762 qui
1051 2721 1144 2749 non
1175 2710 1317 2760 magis
1353 2706 1521 2748 Anacr.
1554 2714 1891 2757 commemorat,
1923 2707 2062 2759 quip-

443 2795 502 2836 pe
532 2783 585 2823 ad
615 2782 945 2824 instituendum
975 2791 1204 2823 oratorem
1236 2785 1389 2822 minus
1428 2780 1658 2822 idoneum.

393 2851 458 2904 15)
495 2848 783 2909 Ἀνακρέοντι
816 2853 876 2906 τῷ
905 2851 1079 2912 ποιητῇ
1107 2851 1256 2895 πολλοὶ
1296 2849 1500 2907 ἐποιήθη
1529 2853 1644 2907 μέλη
1675 2853 1918 2907 χαρίεντα·
1946 2864 2059 2903 τρι·-

448 2924 542 2981 φᾶν
569 2924 657 2981 γὰρ
691 2925 866 2979 εἴληχεν
897 2924 945 2968 ἐκ
975 2924 1194 2980 ΆΙοιριῧν·
1240 2921 1432 2980 Ἀλκαίῳ
1473 2923 1523 2968 δὲ
1568 2920 1721 2967 οὐκέτι
1755 2918 1856 2966 οὐδὲ
1898 2916 2057 2975 ’App-

443 2996 559 3052 λόχῳ
601 2997 662 3052 τῷ
708 3001 867 3053 Παρίῳ
910 2997 993 3055 τὴν
1033 2997 1228 3041 Μοῦσαν
1266 2995 1403 3040 ἔδωκε
1444 2996 1553 3040 θεὸς
1587 2994 1648 3039 εἰς
1677 2990 1952 3052 εὐφροσύνας
1981 2999 2057 3036 καὶ

444 3067 612 3124 ἡδονὰς
644 3074 827 3125 ‘mefac-
884 3072 1055 3115 Sextus
1082 3073 1254 3128 Empir,
1291 3072 1390 3113 adv.
1412 3072 1556 3117 Math.
1583 3073 1621 3122 Ι,
1659 3069 1723 3121 15,
1758 3067 1852 3122 298.
1887 3083 1929 3122 p.
1960 3069 2056 3108 282.

445 3140 492 3185 οἶ
531 3143 830 3199 ἕρωτομαιέῐς
881 3149 955 3187 καὶ
999 3147 1193 3199 μέθυσοι
1240 3141 1325 3186 τὰς
1362 3138 1571 3186 Ἀλκαίου
1624 3149 1699 3186 καὶ
1736 3136 2056 3195 Ἀνακρέοντος

438 3212 644 3269 ποιήσεις
675 3213 946 3273 α’ναγνὸιντες
977 3219 1368 3274 προσεκκαιόνται.
1413 3218 1484 3260 De
1515 3216 1748 3261 amoribus
1774 3216 1933 3258 Alcaei
1963 3214 2056 3257 vid.

439 3288 497 3332 sr-
527 3291 705 3334 XLIII.

391 3361 464 3415 14)
510 3359 570 3405 Οἱ
591 3363 680 3419 μὲν
717 3356 797 3407 οὖν
838 3359 1022 3424 ἆρχαΐοι
1064 3363 1383 3421 μελοποιοὶ-
1411 3362 1528 3419 λέγω
1571 3358 1618 3406 δὲ
1658 3356 1867 3405 ,Ἀλκαῖόν
1895 3375 1946 3405 τε
1973 3362 2052 3402 καὶ
