2293 3650
1030 210 1108 270 33

205 365 293 427 λος
325 363 439 426 daig.
497 360 534 431 ἧ
567 360 694 414 πάλι
727 364 982 428 κοιμίσταν
1024 357 1203 432 λύχνον
1238 363 1364 420 ἰδεῖν
1396 367 1606 434 μένομεν
1617 389 1637 430 ;
1698 370 1791 424 ubi
1828 368 1922 426 δά.-

201 450 383 512 κτυλος
415 444 546 518 ἠώς,
596 449 739 517 quod
781 448 833 500 h.
870 449 905 501 l.
942 443 1184 511 δάκτυλος
1217 448 1405 522 ἡμέρα,
1450 454 1563 507 ruit
1599 455 1765 522 hora,
1808 459 1921 512 dies

203 539 308 591 cito
356 535 808 606 praeterlabitur,
862 553 1059 604 quare,
1113 538 1257 604 quod
1306 550 1494 602 restat,
1548 561 1612 594 eo
1649 540 1919 600 fruamur.

197 627 386 693 Inepte
424 622 783 692 proverbium
833 618 995 690 (nam
1041 620 1100 672 in
1136 625 1494 691 proverbium
1530 637 1715 699 postea
1752 631 1916 700 abiit)

197 709 538 779 explicarunt
576 707 723 759 Suid.
764 726 816 759 v.
850 703 1098 759 δάκτυλοι.
1167 706 1363 777 Apost.
1390 710 1494 774 VI,
1532 733 1614 782 77.
1687 715 1770 767 Cf,
1807 718 1920 772 Ze-

195 794 347 847 nobii
395 793 548 845 Cent.
585 794 680 845 III.
717 811 874 864 prov.
917 793 966 845 5.
1021 800 1073 843 et
1109 789 1180 843 Α.
1218 792 1528 860 schottum,
1593 799 1918 871 Diogenian.

195 881 349 932 Cent.
376 879 480 944 IV,
519 881 596 933 15.
632 880 869 948 Interpr.
898 877 966 929 ad
995 878 1238 948 Hesych.
1269 899 1318 933 v.
1356 879 1623 936 Δατύλλου
1646 885 1822 957 ἡμέρα.
1846 924 1917 934 ...-

194 966 458 1018 Similiter
495 966 553 1017 in
588 964 779 1016 Rufini
819 965 988 1035 epigr.
1026 983 1108 1037 ap.
1149 965 1388 1018 Brunck.
1428 970 1568 1022 anal.
1605 971 1675 1024 II.
1714 994 1766 1046 p.
1796 978 1914 1048 594.

193 1051 358 1105 XVI.
396 1049 656 1120 (Anthol.
685 1049 851 1101 Palat.
887 1070 942 1121 p.
968 1051 1050 1104 86.
1091 1071 1143 1104 n.
1176 1057 1281 1118 12.)
1316 1051 1629 1123 λουσάμενοι,
1665 1063 1915 1129 Προδίκη,

190 1133 539 1202 πυκασώμεθα
562 1137 644 1188 καὶ
667 1136 754 1189 τὸν
777 1133 1267 1206 ἅκρατονἝλκωμεν,
1304 1137 1510 1204 κύλικας
1530 1147 1751 1209 μείζονας
1774 1148 1914 1218 αἰρό-

189 1244 343 1291 μενοι.
388 1219 546 1284 Βαιὸς
573 1220 598 1275 ὃ
626 1220 897 1292 χαιρόντων
924 1226 1060 1277 ἐστὶν
1083 1229 1194 1294 βίος
1219 1235 1316 1277 etc.
1356 1227 1466 1278 vid.
1494 1231 1695 1283 lacobs,
1720 1233 1912 1287 Anim.

191 1310 265 1371 H,
285 1313 333 1364 5.
359 1329 413 1381 p.
436 1310 552 1363 164.
590 1307 733 1363 κάδδ’
762 1308 891 1380 ἄειρε
915 1311 1114 1381 legitur
1138 1311 1258 1364 libr.
1283 1312 1405 1375 ΧΙ.,
1443 1313 1532 1366 hic
1553 1316 1696 1370 κάδδ’
1722 1317 1915 1391 ἀνάειρε

192 1405 382 1448 contra
410 1406 667 1448 metrum.
739 1396 984 1467 κυλίχναις
1022 1395 1250 1465 μεγάλαις
1285 1397 1535 1462 ποικίλαις
1571 1412 1650 1454 est
1685 1417 1912 1460 accusat.

189 1483 439 1536 aeolicus.
509 1483 621 1535 Pro
656 1484 904 1545 ποικίλαις
942 1484 978 1535 l.
1002 1484 1078 1536 X.
1120 1494 1198 1536 est
1236 1484 1475 1560 ποικίλα.ν
1514 1488 1550 1540 l.
1578 1489 1683 1542 XI.
1713 1494 1913 1546 ποικίλ-
1980 1531 1984 1537 »

187 1567 293 1637 λης.
345 1570 572 1623 Casaub.
612 1571 756 1625 coni.
791 1577 1049 1635 πυκιναῖς,
1087 1571 1550 1640 quemadmodum
1587 1576 1714 1630 citat
1748 1581 1913 1634 etiam

186 1655 396 1709 IacobS.
449 1656 516 1708 ad
555 1656 719 1708 Anal.
763 1657 858 1709 ΒΓ.
897 1657 954 1717 Ι,
994 1672 1038 1706 2.
1079 1675 1130 1726 Ρ.
1166 1657 1251 1710 28.
1338 1658 1443 1712 Sed
1484 1661 1616 1730 quid
1653 1663 1913 1720 faciemus

188 1743 370 1805 verbis
404 1745 457 1793 αῖ
492 1764 553 1793 τα
586 1774 659 1783 ——-
692 1742 770 1793 sic
806 1742 842 1793 l.
879 1741 955 1793 X.
993 1741 1278 1805 scribitur,
1314 1775 1388 1784 —-
1423 1747 1511 1797 vel
1541 1753 1598 1799 αἳ
1632 1747 1691 1805 τὰ
1729 1762 1786 1804 ut
1817 1754 1913 1811 lib.

187 1828 333 1881 XL?
379 1828 636 1895 RutgerS.
673 1827 794 1879 lect.
831 1826 1040 1878 Venus.
1087 1846 1129 1877 c.
1166 1827 1216 1877 4.
1258 1849 1363 1880 em.
1406 1827 1552 1884 κάδδ’
1596 1831 1785 1891 ἅντεινε
1821 1860 1914 1893 κυ-

187 1914 353 1985 λίχνας
385 1912 625 1983 μεγάλας,
674 1915 808 1966 αἴτεε
843 1911 1063 1964 ποικίλα.
1135 1911 1255 1964 Iani
1292 1934 1394 1982 μεγ.
1430 1908 1539 1980 καὶ,
1584 1916 1703 1983 πάϊ,
1743 1931 1914 1978 ποικί-

188 2001 314 2064 λαις.
381 2000 706 2054 Grotefend.
747 2019 834 2070 ap.
871 1998 1173 2068 Schweigh.
1216 2018 1271 2071 Ρ.
1307 2001 1430 2054 416.
1468 2007 1655 2070 αἵματα
1688 2014 1910 2074 ποικίλα,

189 2092 474 2155 sanguinei
526 2091 711 2136 latices
760 2089 950 2135 coloris
997 2086 1228 2148 scilicet,
1293 2088 1553 2143 Meineke
1591 2092 1751 2146 Curis
1789 2099 1911 2154 crit.

188 2175 249 2227 in
287 2172 493 2225 Comic.
528 2171 598 2224 fr.
636 2193 689 2244 p.
718 2173 800 2228 58.
839 2167 1032 2239 νάματα
1066 2172 1284 2223 ποικίλα.
1354 2174 1557 2228 Blomf.
1592 2179 1832 2234 καδδαίνυ
1857 2206 1912 2239 τε

186 2259 432 2330 κυλίχναις
465 2258 695 2327 μεγάλαις
729 2255 874 2312 δαῖτά
910 2279 964 2312 τε
997 2258 1243 2311 ποικίλαν.
1299 2258 1534 2331 Egregie
1571 2265 1752 2335 prima
1780 2290 1911 2342 spe..

188 2350 269 2402 cie
304 2346 578 2398 blanditur
616 2343 757 2396 coni.
825 2342 898 2397 V.
936 2344 1006 2396 D.
1043 2345 1102 2397 in
1137 2344 1432 2416 Ephemer.
1465 2348 1565 2401 litt.
1601 2353 1715 2406 Ien.
1757 2358 1908 2413 1806.

187 2455 275 2489 nr.
300 2435 419 2507 249.
452 2428 698 2503 μεγάλαις,
731 2429 865 2494 ἆΐτα,
897 2451 1032 2485 ποικ.
1063 2432 1300 2502 legentis.
1338 2432 1580 2489 Praeivit
1607 2439 1909 2515 Schweigh.

189 2523 258 2575 ad
293 2523 397 2575 XI.
441 2532 495 2591 p.
531 2520 644 2573 166.
680 2518 842 2577 ἆΐταις
877 2519 1152 2588 corrigens
1167 2521 1190 2580 ,”
1241 2520 1386 2587 quod
1423 2522 1491 2573 ad
1528 2524 1776 2596 κυλίχναις
1816 2551 1912 2584 re-

187 2608 506 2668 ferendum,
567 2615 619 2658 et
662 2605 1135 2674 interpretandum
1183 2607 1271 2658 vel
1308 2610 1504 2659 dilecta
1544 2615 1768 2682 pocula,
1820 2620 1910 2671 vel

187 2697 446 2755 socialia,
509 2691 971 2762 quemadmodum
1018 2689 1257 2744 Alcman
1306 2711 1390 2764 ap.
1441 2695 1621 2749 Schol.
1670 2700 1909 2763 Theocr.

192 2796 285 2844 12,
326 2779 405 2831 14.
447 2779 588 2839 ἆΐτας
623 2778 711 2830 vel
747 2777 905 2838 ἆϊτίας
940 2774 1118 2847 χορδάς
1155 2779 1367 2832 dixerit.
1451 2781 1539 2834 De
1585 2803 1720 2838 voce
1767 2787 1911 2858 ἇΐτης

188 2867 301 2920 vid.
340 2867 413 2918 H.
452 2865 636 2936 Steph.
676 2863 839 2915 Thes.
877 2883 960 2934 gr.
998 2865 1119 2919 Ind.
1168 2885 1220 2938 Ρ.
1259 2870 1361 2939 519
1408 2888 1484 2940 sq.
1570 2871 1791 2927 Alberti
1840 2878 1909 2930 ad

188 2953 428 3024 Hesych.
464 2972 514 3005 v.
553 2953 711 3004 ἇΐταν.
798 2951 905 3003 Sed
956 2951 1126 3004 obstat
1171 2962 1435 3007 metrum:
1497 2975 1626 3010 nam
1670 2959 1908 3015 Theocr.

190 3041 272 3091 Id.
314 3057 396 3103 12,
437 3040 518 3094 14.
557 3038 643 3093 τὸν
681 3039 732 3094 δ’
770 3043 937 3108 ἕτερον
970 3037 1150 3103 πάλιν,
1187 3035 1253 3100 ὥς
1287 3060 1367 3092 κεν
1402 3038 1429 3093 ὃ
1469 3042 1719 3107 Θεσσαλὸς
1754 3049 1908 3111 εἴποι,

191 3124 350 3180 ἆΐταν.
411 3147 464 3181 v.
504 3143 586 3180 20.
623 3129 708 3181 καὶ
740 3130 830 3180 τοῦ
864 3128 1112 3196 χαρίεντος
1147 3124 1309 3179 ἇΐτεω.
1384 3130 1468 3184 23.
1509 3140 1646 3184 extr.
1684 3136 1909 3202 στέργετε

193 3209 244 3263 δ’
285 3211 438 3278 ὔμμες
472 3204 622 3268 ἆῗται.
707 3214 792 3268 Cf.
829 3212 1101 3266 Dosiadae
1140 3230 1291 3264 aram
1332 3212 1389 3266 in
1423 3214 1591 3269 Anal.
1627 3219 1722 3270 ΒΓ.
1763 3220 1831 3271 Τ.
1868 3221 1908 3273 Ι.

195 3315 250 3369 Ρ.
268 3296 386 3354 415.
424 3299 514 3384 (Τ.
536 3305 582 3355 Ι.
607 3321 662 3375 Ρ.
687 3303 807 3358 203.
839 3300 1014 3373 Lips.)
1052 3293 1343 3439 Zafflxoideg
1361 3319 1430 3354 ne
1454 3320 1580 3357 cum
1602 3304 1905 3378 Schweigh.
