2293 3650
1137 259 1222 318 60

323 416 750 472 choriambicus:
785 414 843 469 τό
875 414 924 469 δ’
962 416 1106 483 ἔργον
1138 411 1380 484 ἆγήσαιτο
1415 410 1502 466 te&
1536 419 1697 485 κῶρα,
1734 435 1895 487 quam
1919 436 2047 470 cor-

315 507 620 560 rectionem
670 502 1093 571 haudquaquam
1141 499 1562 568 improbabilem
1601 514 1757 556 vocat
1792 504 1937 556 Bast.
1984 506 2044 557 in

314 594 464 648 Add.
502 592 567 644 ad
595 590 763 659 Greg.
792 590 919 642 Cor.
957 605 1006 656 p.
1037 608 1156 660 907.
1205 586 1287 640 Ita
1327 587 1656 640 choriambis
1692 608 1801 642 una
1830 591 2042 661 syllaba

315 679 496 731 brevis
523 675 764 746 praefixa
787 677 920 740 erit,
956 677 1108 728 cuius
1132 675 1314 728 nescio
1340 693 1410 727 an
1435 675 1649 726 nullum
1684 675 1832 727 aliud
1855 696 2047 730 exem-

318 767 467 835 plum
505 773 692 817 exstet.
730 791 799 803 —-
857 762 922 815 In
959 764 1129 816 altero
1170 763 1365 832 fragm.
1408 770 1556 813 recte
1592 761 1711 812 οἴκω
1747 782 1801 814 τε
1832 762 1926 832 πὲρ
1963 769 2035 817 σιῧ

314 852 529 919 scripsit
559 851 699 902 Bast.
739 851 806 902 ad
844 851 1013 919 Greg.
1055 851 1181 902 Cor.
1220 867 1270 918 p.
1309 849 1429 902 616.
1471 848 1527 901 id
1563 856 1668 910 est,
1715 852 1832 917 περί
1867 870 1922 902 τε
1956 847 2048 904 τοῦ

314 943 407 992 σοῦ
445 940 601 992 οἴκου.
688 938 796 990 Sed
842 955 1028 989 sensus
1065 935 1357 1006 fragmenti
1396 936 1555 998 latet,
1605 953 1776 1004 quum
1813 953 2047 1006 gramm.

312 1026 448 1077 illud
487 1045 519 1077 a
554 1024 780 1093 reliquis
817 1025 1073 1076 avulsum
1111 1023 1380 1077 citaverit.

451 1193 749 1248 LXXXII.
802 1195 1048 1266 Hesych.
1085 1188 1387 1255 ἐπιπνεῦων,
1425 1192 1734 1262 ἐπιβλέπων,
1773 1192 2046 1256 Αἶολικῶς.

310 1283 395 1336 καὶ
433 1282 714 1344 ’Λλκαῖος·
773 1278 911 1352 ἦπου
947 1285 984 1320 ’³⁹‘
1020 1279 1609 1352 συιαγανδρωνόασμένον
1657 1279 1869 1350 στρατὸν
1907 1301 2047 1349 νομι-

308 1373 482 1440 σμένοι
517 1373 743 1423 πνέοισα.

445 1500 650 1553 Blomf.
695 1519 779 1551 nr.
816 1496 1050 1548 LXXII.
1115 1498 1466 1550 Coniecturas
1502 1495 1635 1550 VV.
1674 1497 1802 1551 DD.
1840 1515 2046 1566 cogno-

305 1608 456 1642 scere
503 1589 629 1640 licet
677 1605 745 1639 ex
794 1585 1069 1638 Albertio.
1153 1585 1338 1653 Toup.
1386 1585 1619 1636 Emend.
1672 1585 1730 1634 in
1783 1582 1935 1633 Suid.
1991 1593 2044 1632 et

301 1675 544 1746 Hesych.
580 1675 649 1726 T.
683 1673 777 1723 IV.
821 1689 872 1739 p.
910 1673 1026 1742 2953.
1081 1671 1259 1739 Lege:
1300 1666 1553 1739 Evvvjyay‘
1594 1668 1783 1738 ἀνδρῶν
1821 1668 2040 1735 δυσμενῆ·

303 1760 517 1831 στρατὸν
564 1756 738 1824 νομεὺς
786 1761 964 1820 Mea-09
1008 1756 1095 1825 μὲν
1134 1753 1469 1811 ἓπιπνεύοντα
1503 1786 1569 1795 --
1607 1785 1674 1794 -
1723 1756 1824 1807 hac
1859 1756 2044 1807 addita

302 1859 465 1903 nota:
515 1847 639 1912 „Ita
678 1848 735 1899 in
774 1848 1023 1914 margine
1065 1846 1349 1914 Hesychii.
1418 1844 1604 1911 LegO,
1657 1837 1912 1909 Eurvffyay'
1950 1842 2040 1893 ἀν-

307 1936 438 2004 δρῶν
463 1936 678 1999 δυσμενῆ
703 1929 942 1999 στρατὸν,
979 1933 1123 1995 μένος
1149 1930 1500 1982 Ἐπιπνέοισα.
1538 1958 1605 1968 -
1632 1957 1701 1966 —
1740 1927 1869 1981 Viri
1898 1928 2044 1980 docti

302 2022 361 2075 in
399 2014 550 2072 hisce‘
571 2018 764 2071 Alcaei
803 2018 1157 2070 emendandis
1196 2019 1406 2069 nullam
1442 2015 1608 2067 metri
1646 2016 1914 2068 rat10nem
1942 2016 2042 2067 ha-

304 2110 556 2161 buerunt.
574 2111 605 2135 “
679 2106 796 2174 Ego
838 2116 1020 2156 tamen
1063 2123 1284 2167 vereor,
1337 2123 1409 2156 ne
1445 2104 1577 2155 dum
1616 2101 1834 2154 iambici
1873 2103 2039 2153 metri

303 2205 515 2247 tautum
551 2192 823 2244 rationem
861 2191 1064 2242 habent
1089 2189 1220 2243 VV.
1245 2190 1372 2242 DD.
1414 2209 1444 2242 a
1472 2208 1606 2241 vero
1633 2188 1846 2258 longius
1881 2188 2043 2240 aber-

299 2283 561 2335 raverint.
634 2277 863 2330 Iambiei
900 2278 1047 2329 enim
1080 2277 1280 2330 senarii
1317 2277 1374 2328 in
1412 2275 1606 2328 Alcaei
1641 2275 1886 2344 reliquiis
1925 2294 2037 2330 non

300 2369 671 2421 inveniuntur.
754 2364 818 2416 111
866 2364 1108 2435 Hesych.
1159 2364 1281 2416 7AIS.
1330 2364 1556 2414 lacunae
1605 2362 1823 2413 nullum
1869 2363 2036 2413 vesti-

299 2458 451 2526 gium
490 2463 582 2504 est.
634 2452 743 2502 Pro
772 2454 981 2502 πνέοισα
1005 2452 1149 2502 haud
1179 2451 1339 2502 dubie
1364 2450 1656 2520 legendum
1683 2447 2033 2509 ἐπιπνεύοισα,

300 2553 359 2595 ut
386 2543 591 2611 glossae
615 2539 848 2590 satisfiat.
908 2538 1103 2589 Priora
1133 2537 1208 2588 sic
1235 2537 1463 2604 legenda
1501 2557 1611 2588 esse
1650 2535 1790 2588 coni.
1827 2535 2028 2588 Blomf.

300 2631 383 2681 καὶ
410 2627 658 2686 Ἀλκαῖος
692 2622 885 2692 δήπου·
921 2628 1125 2694 συνᾶγεν
1160 2623 1350 2693 ἀνδρῶν
1385 2623 1428 2676 δ.
1470 2634 1741 2692 postrema
1772 2621 2034 2690 expedire

301 2737 356 2769 se
395 2735 509 2768 nou
552 2730 705 2782 posse
747 2711 1053 2765 confitetur.

443 2887 758 2941 LXXXIII.
820 2887 989 2941 Idem.
1063 2883 1463 2959 Τετραβαρῆων,
1524 2887 1760 2940 πλίνθων
1807 2885 1893 2940 καὶ
1939 2881 2029 2938 τᾶ-

301 3000 475 3048 γματα.
541 2976 805 3038 ’-»1λκαῖος.

438 3104 639 3159 Blomf.
679 3125 763 3158 nr.
796 3103 1054 3156 LXXIII.
1107 3098 1477 3174 Τετραβαρήων
1505 3101 1624 3154 MS.
1673 3101 1780 3154 Sed
1809 3101 1864 3153 in
1889 3101 2026 3156 Ald.

300 3195 600 3261 ceterisque
650 3191 771 3242 edd.
828 3195 1153 3261 Τετραβαρῆ,
1203 3213 1256 3242 π.
1305 3207 1495 3242 errore
1533 3189 1872 3258 typothetae,
1930 3189 2024 3257 qui

301 3278 689 3348 compendium
741 3277 1051 3330 litterarum
1101 3298 1170 3331 ων
1229 3295 1332 3346 pro
1387 3285 1611 3328 accentu
1669 3274 2022 3328 circumflexo

299 3368 502 3421 habuit.
576 3365 687 3418 Pro
723 3364 806 3417 καὶ
841 3363 1067 3434 τάγματα
1102 3363 1237 3417 VV.
1274 3364 1405 3418 DD.
1445 3381 1551 3416 em.
1590 3361 1895 3433 κατάγματα.
