2293 3650
1216 261 1297 320 14-

388 444 473 477 nr.
518 421 596 477 18.
644 440 696 492 p.
733 417 850 473 556.
927 417 1123 470 Herm.
1177 413 1238 467 in
1287 415 1443 468 elem.
1489 416 1659 473 doctr.
1700 424 1856 469 metr.
1915 433 1967 487 p.
2004 411 2124 469 688.

386 512 465 564 sic
494 509 708 562 scribit:

599 589 708 646 ’τόδ’
750 588 872 644 αὖτε
905 594 1039 659 κῦμα
1077 595 1147 659 τῷ
1186 591 1413 658 προτέρῳ
1449 593 1561 644 νέον

674 677 932 748 ὅμοστιχεῖ
1006 718 1018 729 .
1093 714 1107 728 .
1181 680 1335 747 παρέξ
1341 699 1384 730 ει
1419 674 1473 729 δ’

741 764 865 833 ἔὶμμι
901 761 1071 817 πόνων
1108 763 1271 817 πολύν
1345 800 1358 813 .
1435 802 1448 816 .
1523 762 1727 832 ἆντλῆν.

382 858 456 913 V·
497 857 568 911 D.
615 856 673 908 in
713 858 875 905 Closs.
905 859 954 916 j.
995 853 1030 904 l.
1065 870 1108 904 0.
1156 851 1343 918 „3on
1376 851 1494 922 lege
1537 845 1778 918 σδάλην
1761 870 1796 901 1.
1832 869 1877 902 e
1915 845 2123 917 Cdlqvf‘

380 965 485 1020 pro
523 943 738 1011 ἆντλῆν,
778 949 928 1012 puto,
965 939 1375 1003 „Recensueiat
1412 939 1556 993 fo1te
1593 939 1754 1011 poe'ta
1791 936 2036 1008 primum
2062 953 2124 986 ac

381 1032 683 1086 secundum
720 1027 953 1080 fluctum
995 1036 1048 1079 et
1097 1027 1354 1097 deinceps
1401 1030 1627 1079 tertium
1678 1029 1770 1093 τῆς
1818 1026 2124 1091 τρικυμίας.“

377 1122 616 1175 BLOMF.
668 1156 702 1182 ,‚
718 1115 913 1169 Alcaei
961 1115 1146 1166 locum
1195 1113 1440 1188 respexit
1475 1113 1707 1167 fortasse
1745 1111 1926 1163 Schol.
1964 1107 2124 1161 Pind.

377 1209 569 1262 Isthm.
612 1208 654 1269 Ι,
690 1207 776 1258 52.
820 1203 904 1255 καὶ
930 1201 1166 1263 Ἀλκαῖος
1220 1200 1314 1270 τὴν
1351 1202 1615 1274 δυστυχίαν
1644 1205 1858 1272 χειμῶνα
1895 1198 1978 1250 καὶ
2015 1217 2127 1265 τρι-

378 1297 561 1364 κυμιάν
597 1293 782 1363 λε’γει.“
857 1290 928 1343 V.
960 1291 1027 1342 D.
1067 1291 1124 1342 in
1155 1295 1320 1342 Class.
1343 1297 1392 1355 j.
1429 1291 1464 1342 l.
1492 1309 1534 1341 c.
1570 1288 1651 1342 At
1679 1286 1883 1340 Blomf.
1922 1305 1975 1355 p.
2001 1283 2122 1336 423.

375 1384 435 1436 in
487 1403 551 1435 eo
607 1380 817 1433 scholio
873 1380 1170 1448 legendum
1224 1399 1340 1432 esse
1389 1375 1671 1430 contendit
1714 1370 1970 1444 Αἰσχύλος
2021 1389 2123 1442 pro

363 1471 613 1532 Ἀλκαῖος,
649 1467 777 1539 quia
804 1466 1074 1537 Aeschyli
1101 1485 1162 1518 ea
1196 1467 1401 1518 locutio
1437 1466 1505 1516 sit
1531 1465 1717 1515 Prom.
1755 1461 1903 1512 1051.
1932 1458 2124 1523 (1023)

376 1558 483 1620 οἶός
518 1559 572 1611 σε
605 1555 783 1627 χειμὼν
818 1555 903 1606 καὶ
945 1558 1109 1605 κακῶν
1148 1557 1380 1621 τρικυμία
1417 1549 1578 1606 ἴπεισ’
1632 1547 1869 1614 ἄφυκτος.
1945 1543 2123 1613 Quasi

374 1666 539 1708 ver0,
604 1643 751 1713 quod
801 1640 1116 1710 Aeschylus
1171 1640 1338 1702 dixit,
1387 1656 1553 1690 nemo
1602 1647 1726 1688 ante
1765 1655 1895 1686 eum
1941 1634 2123 1685 dicere

374 1731 645 1805 potuerit!
700 1730 766 1781 In
810 1728 908 1780 illo
961 1726 1171 1779 scholio
1212 1733 1515 1794 sequuntur
1551 1723 1721 1775 haec:
1758 1755 1829 1762 -—
1865 1755 1936 1762 -—
1991 1719 2124 1790 λέγει

370 1823 437 1890 τῇ
477 1822 641 1890 φυγῇ·
685 1814 853 1869 κοινὸν
887 1814 975 1883 γὰρ
1014 1812 1048 1879 ἧ
1089 1816 1338 1879 συντυχία.
1412 1812 1616 1880 Heyne
1665 1810 1984 1863 addendum
2028 1829 2123 1861 su-

373 1906 686 1979 spicabatur
723 1905 841 1967 ἒπί,
880 1903 967 1954 ἐπὶ
1003 1905 1067 1971 τῇ
1101 1920 1154 1965 φ.
1228 1897 1412 1950 Possis
1459 1898 1623 1950 etiam
1673 1900 1726 1949 ἐν
1761 1899 1826 1965 τῇ
1864 1900 2015 1966 φυγῇ,
2059 1907 2120 1950 ut

371 2012 569 2047 revera
604 1990 799 2045 Alcaei
837 1990 932 2042 illa
967 1989 1130 2041 dictio
1167 2007 1280 2040 esse
1316 1987 1584 2041 videatur.
1671 1985 1766 2037 Est
1803 2005 1937 2039 vero
1972 1987 2120 2058 apud

373 2080 642 2134 Ursinum
681 2098 735 2150 p.
779 2077 897 2131 108.

512 2253 616 2307 IV.
676 2249 882 2304 Athen.
918 2252 998 2305 X.
1038 2272 1090 2323 p.
1128 2250 1248 2304 430.

586 2341 707 2390 Νῗίν
741 2337 833 2409 χρὴ
871 2335 1178 2407 μεθύσκειν,
1229 2341 1316 2389 καί
1348 2357 1459 2387 τινα
1495 2334 1621 2404 πρὸς
1653 2339 1771 2404 βίαν

582 2428 778 2490 πίνειν,
817 2424 994 2493 ἐπειδὴ
1031 2422 1258 2477 κάτθανε
1296 2423 1580 2493 ΖῑΙυρσίλος.

369 2511 561 2566 Ursin.
598 2531 651 2584 p.
698 2529 812 2564 1oo.
849 2511 1057 2565 Blomf.
1096 2533 1179 2565 nr.
1215 2512 1317 2566 IV.
1374 2513 1496 2564 Iani
1533 2533 1586 2585 p.
1610 2532 1658 2584 9.
1731 2512 1797 2564 In
1822 2509 2112 2567 Athenaeo

370 2621 423 2653 v.
464 2619 515 2651 2.
566 2600 669 2671 leg.
711 2608 903 2653 πονεῖν.
943 2604 1105 2653 πίνειν
1142 2600 1453 2654 emendatio
1495 2609 1573 2652 est
1602 2599 1794 2653 Ursini
1820 2620 1873 2673 p.
1901 2603 2019 2656 511.
2060 2613 2114 2656 et

372 2688 601 2741 Casaub.
690 2688 799 2740 Sed
834 2687 907 2741 V.
942 2689 1013 2740 D.
1052 2686 1147 2761 ap.
1198 2689 1403 2743 Aemil.
1456 2688 1689 2740 Portum
1743 2689 1810 2740 ad
1856 2689 2112 2761 Lyricor.

369 2775 438 2827 fr.
480 2775 778 2840 (Heidelb.
817 2795 903 2848 ap.
946 2777 1213 2829 Commel.
1248 2776 1429 2848 1598.)
1467 2776 1790 2828 coniiciebat
1826 2778 1911 2830 καὶ
1942 2774 2112 2847 χθόνα

370 2860 495 2931 πρὸς
531 2867 648 2932 βίαν
687 2867 855 2916 παίειν
902 2874 1133 2936 propter
1178 2864 1543 2917 imitationem
1582 2865 1801 2918 Horatii
1840 2867 2024 2918 Carm.
2065 2867 2109 2929 I,

372 2953 456 3019 57.
496 2971 633 3000 nunc·
672 2965 748 3001 est
787 2954 1096 3012 bibendum,
1148 2972 1284 3002 nunc
1314 2955 1448 3019 pede
1485 2956 1649 3003 libero
1685 2958 1962 3004 Pulsanda
2010 2958 2106 3003 tel-

368 3041 446 3088 las
476 3038 570 3105 ¹⁷).
666 3039 827 3090 Hanc
883 3039 1253 3092 coniecturam
1299 3050 1599 3110 sequuntur
1649 3041 1769 3092 Iani
1814 3049 1866 3092 et
1905 3040 2105 3092 Blomf.

372 3123 538 3193 Quod
581 3125 709 3178 dicit
746 3126 893 3191 Iani,
931 3136 1052 3200 post
1087 3125 1363 3195 μεθύσκειν
1401 3128 1725 3198 languidum
1761 3147 1889 3180 sane
1926 3132 2105 3190 πίνειν,

371 3213 535 3265 etiam
583 3210 712 3282 πρὸς
758 3218 877 3282 βίαν
923 3219 1111 3277 πίνειν,
1163 3215 1410 3284 illudque
1455 3211 1585 3286 πρός
1630 3235 1742 3268 τινα
1788 3218 1906 3283 βίαν
1942 3218 2103 3268 πίνειν

432 3395 498 3451 17)
530 3411 664 3452 quam
694 3400 1004 3443 coniecturam
1034 3398 1196 3457 probat
1223 3398 1419 3447 Porson.
1451 3397 1570 3443 Adv.
1601 3413 1649 3456 p.
1678 3397 1772 3441 103.
1804 3395 1874 3440 ed.
1906 3395 2031 3453 Lips-
