2293 3650
1051 299 1132 364 45

366 455 610 512 XLVII.
659 456 900 510 Eustath.
938 456 1006 509 ad
1044 455 1106 508 ΙΙ.
1143 449 1197 518 ζ’.
1237 473 1289 527 Ρ.
1325 455 1442 518 655,
1480 454 1565 509 60.
1595 453 1826 522 Ἀλκαῖος
1855 453 1944 514 οὖν

228 546 285 598 ἐκ
316 540 542 613 πλήρους
576 546 673 614 ἔφη
707 542 764 597 τὸ
801 539 1081 613 κινήσας
1117 539 1226 593 τὸν
1273 541 1484 613 πήρας
1528 542 1814 599 πυκινὸν
1851 545 1946 600 λί-

226 632 381 694 θον,
450 627 868 699 κωμικευσάμενος
918 633 1106 689 ἐκεῖνος
1155 628 1239 680 καὶ
1290 629 1402 682 ἀντὶ
1454 634 1546 684 τοῦ
1597 634 1728 700 ἷερᾶς
1774 630 1844 695 ὥς
1889 635 1946 686 ἓν

225 713 433 786 παρόδῳ
468 714 662 787 γράψας
692 716 749 770 τὸ
783 713 1018 786 πήρας..
1086 713 1242 765 Idem
1277 715 1344 765 ad
1376 715 1482 767 Od.
1506 715 1552 767 ά.
1586 736 1641 787 p.
1672 720 1824 790 1597,
1857 721 1945 776 50.

224 798 354 855 ὅθεν
376 805 457 857 καὶ
482 809 720 872 παροιμία
744 812 896 857 κινεῖν
917 799 1004 854 τὸν
1026 799 1117 867 ἀφ’
1145 803 1291 868 ἱερᾶς,
1315 799 1468 852 λίθον
1489 800 1700 869 δηλαδή.
1715 833 1945 846 -—-----

214 888 446 952 Ἀλκαῖος
482 891 538 945 δέ
574 912 726 961 φησιν
760 894 816 943 ἐκ
846 882 1102 958 πλήρους·
1138 892 1249 940 νῦν
1286 885 1336 939 δ’
1378 881 1573 949 οὗτος
1611 891 1946 962 ἕπικρέκει

222 973 509 1044 κινήσας
544 976 650 1030 τὸν
686 980 927 1044 πείρας
962 972 1240 1027 πυκινὸν
1280 972 1488 1027 λίθον.

362 1062 562 1116 Blomf.
605 1083 694 1117 nr.
731 1062 1011 1116 LXXXI.
1073 1063 1166 1131 qui
1211 1056 1688 1132 tamen'priorem
1736 1073 1948 1119 tantum

222 1149 492 1201 Eustathii
541 1150 726 1203 locum
775 1150 966 1202 attulit.
1061 1150 1254 1201 Insunt
1298 1148 1450 1217 signa
1497 1148 1640 1201 haud
1693 1153 1948 1222 ambigua
2014 1167 2016 1169 ’

223 1235 388 1287 metri
433 1236 645 1289 Alcaici
701 1254 739 1282 ’δ
766 1258 880 1276 -ν-
922 1239 1009 1289 νῦν
1047 1234 1132 1305 δἸ
1167 1229 1313 1295 οὗτος
1350 1236 1623 1302 ἐπικρέκει,
1672 1247 1725 1290 et
1770 1254 1802 1283 v
1830 1260 1945 1283 -υ-

222 1318 299 1392 πή
311 1322 418 1393 Ιρας
453 1322 661 1378 πυκινὸν
695 1323 850 1377 λίθον
863 1346 882 1387 ,·
918 1323 1064 1375 unde
1100 1322 1175 1374 sic
1210 1319 1561 1373 scribendum
1593 1325 1874 1380 coniicias:

509 1441 576 1450 —
613 1438 683 1449 —
721 1438 787 1447 —
824 1440 896 1449 ---
933 1414 1023 1463 νῦν
1058 1408 1106 1463 δ’
1150 1401 1295 1469 οὗτος
1330 1409 1579 1474 ἐπικρέκει

510 1499 658 1550 κινῶν
693 1491 780 1548 τὸν
816 1497 872 1548 ἐκ
905 1493 1069 1566 πήρας
1103 1492 1311 1549 πυκινὸν
1345 1493 1518 1561 λίθον.

363 1670 633 1724 XLvnI.
686 1671 927 1723 Eustath.
966 1671 1034 1723 ad
1072 1672 1178 1725 od.
1215 1648 1376 1743 φ’.Ῥ.
1408 1689 1557 1743 1901,
1595 1671 1678 1724 51.
1715 1670 1846 1741 λέγει
1870 1671 1944 1732 δέ,

222 1778 376 1824 φασι,
424 1759 507 1810 καὶ
532 1758 764 1819 Ἀλκαῖος
796 1755 852 1809 τὸ
888 1760 1293 1859 προφασίζεσθαι
1327 1754 1607 1826 μύνεσθαι,
1656 1757 1762 1810 οἷον
1797 1757 1948 1811 οὐδέ

223 1866 285 1896 τι
328 1839 691 1910 μυνάμενος
738 1841 895 1896 άλλο
943 1841 1012 1894 τὸ
1062 1841 1295 1913 νόημα,
1348 1848 1506 1912 ἕτεροι
1541 1844 1597 1898 δὲ
1630 1843 1788 1913 μύνην
1825 1846 1948 1912 φασὶ

221 1928 316 1997 τὴν
349 1925 600 1996 πρόφασιν
637 1928 772 1997 παρὰ
803 1928 860 1981 τὸ
900 1925 1042 1996 μύειν
1077 1927 1134 1981 τὸ
1171 1927 1347 1994 στόμα.

361 2016 785 2088 Ursin.p.106
826 2014 1029 2068 Blomf.
1067 2035 1150 2067 nr
1179 2016 1304 2069 LV.
1344 2015 1608 2068 Valcken.
1635 2016 1701 2069 ad
1731 2018 1946 2073 Gallim.
1986 2072 1990 2077 x

219 2105 358 2172 eleg.
385 2102 454 2155 fi.
479 2122 532 2173 Ρ.
560 2120 676 2171 227.
713 2101 1052 2170 „Quidquid
1091 2102 1252 2154 etiam
1290 2104 1445 2156 nobis
1483 2114 1711 2156 narrent
1739 2106 1949 2159 Gram-

221 2190 436 2254 matici,
473 2208 713 2260 ΡΓοΓευε,
751 2208 839 2240 me
863 2191 1068 2252 iudice,
1108 2191 1251 2252 latet,
1293 2209 1391 2242 cur
1420 2198 1766 2262 praetextum
1791 2192 1947 2244 Aeo-

218 2278 323 2330 lice
361 2277 642 2346 loquentes
686 2276 925 2329 dIXerint
968 2275 1154 2348 μύνην,
1217 2287 1268 2331 et
1304 2277 1360 2331 τὸ
1397 2279 1801 2345 προφασίζεσθαι
1835 2262 1946 2332 'Al-

222 2383 378 2416 caeus
416 2360 683 2429 μύνεσθαι.
754 2365 924 2416 Hom.
955 2365 1062 2418 Od.
1091 2362 1159 2433 φ’,
1201 2384 1313 2418 111.
1351 2364 1467 2417 ἀλλ’
1507 2364 1620 2432 ὅγε,
1661 2362 1731 2432 μὴ
1764 2365 1946 2440 μύνῃσι

217 2449 518 2519 παρέλκετε,
555 2450 735 2502 Schol.
768 2449 1074 2520 προφάσεσι,
1112 2455 1262 2506 cuius
1295 2471 1440 2523 seqq.
1477 2452 1696 2522 supplet
1733 2461 1784 2504 et
1820 2470 1944 2505 cor-

219 2539 348 2608 rigit
382 2539 678 2591 Leunclav.
717 2537 778 2589 in
815 2537 963 2610 App.
1001 2540 1264 2612 Xenoph.
1313 2560 1365 2611 Ρ.
1405 2540 1558 2609 1078.
1606 2568 1675 2578 -
1721 2568 1789 2577 -
1858 2540 1944 2592 Ex

216 2626 494 2678 veteribus
523 2623 769 2677 Eustath.
800 2643 851 2695 Ρ.
880 2624 1002 2694 748,
1038 2624 1123 2677 44.
1163 2628 1289 2694 λέγει
1315 2626 1395 2691 δέ,
1433 2646 1584 2692 φασι,
1618 2623 1702 2675 καὶ
1715 2623 1946 2686 Ἀλκαῖος

219 2708 280 2763 vd
314 2713 717 2778 προφασίζεσθαι
751 2707 1030 2777 μύνεσθαι,
1091 2712 1198 2764 οἷον
1242 2711 1362 2764 οὐδέ
1408 2733 1458 2763 τι
1502 2706 1772 2779 μυνᾶμενος
1817 2708 1941 2764 ἄλλο

218 2793 400 2865 νόημα.
466 2797 578 2849 Ubi
613 2797 747 2850 haec
779 2798 1003 2869 praebet
1022 2797 1257 2851 Ursinus
1282 2798 1503 2862 Alcaei,
1539 2798 1690 2850 velut
1712 2798 1941 2869 Didymi

218 2884 485 2954 quaedam
531 2883 774 2955 profert,
840 2903 978 2953 quae
1014 2885 1209 2937 nostris
1244 2886 1303 2938 in
1341 2885 1462 2936 edd.
1497 2883 1663 2937 schol.
1700 2904 1814 2937 non
1851 2905 1942 2938 re-

217 2970 577 3042 periuntur.“
646 2971 1023 3044 Reperiunlur
1061 2992 1195 3025 vero
1233 2972 1298 3023 ad
1333 2990 1383 3023 v.
1426 2987 1508 3039 71.
1549 2974 1938 3042 ἐπισχεσίην.

220 3061 312 3110 νῦν
348 3061 573 3127 σημαίνει
607 3053 885 3125 πρόφασιν·
949 3061 1192 3127 ἐπιμονῆς
1238 3056 1325 3126 γὰρ
1359 3062 1494 3126 χρεία
1532 3061 1600 3127 τῷ
1636 3060 1940 3127 προφασιζο-

222 3146 352 3212 μένῳ
387 3148 458 3206 εἷς
494 3144 549 3196 τὸ
587 3142 878 3211 ψεύδεσθαι
912 3145 996 3197 καὶ
1030 3143 1087 3196 τὸ
1124 3144 1193 3211 μή
1231 3141 1520 3212 ἀληθεύειν.
1576 3147 1659 3199 καὶ
1683 3146 1938 3206 Ἀλκαῖος·

226 3227 382 3282 οὗόέ
416 3253 477 3283 τι
511 3225 896 3299 μεινάμενος
943 3230 1104 3284 ἀλλὰ
1139 3229 1208 3283 τὸ
1245 3228 1478 3300 νόημα,
1538 3233 1649 3286 ἀντὶ
1685 3235 1775 3284 τοῦ
1809 3251 1938 3299 προ-

225 3314 573 3382 φασιζόμενος,
606 3315 825 3386 ἀλλαχοῦ
859 3317 1157 3386 ἀποτρέπων
1190 3315 1246 3369 τὸ
1284 3319 1465 3372 ἑαυτοῦ
1498 3317 1675 3387 νόημα.
1749 3317 1936 3371 Verba

223 3398 340 3453 οὐδὲ
374 3399 645 3471 μυνάμενος
681 3423 794 3458 non
825 3405 1108 3461 nominato
1142 3414 1363 3462 auctore
1399 3404 1612 3480 profert
1642 3405 1825 3477 Etym·
1851 3404 1935 3462 M.
