2293 3650
1185 226 1312 285 vr·

365 375 580 440 graviter
607 385 689 417 me
724 366 1049 430 vituperavit,
1100 372 1150 410 et
1185 378 1268 408 me
1307 360 1370 414 ud
1395 366 1654 414 arbitrium
1689 384 1862 416 meum
1888 387 1944 416 ac
1967 370 2086 417 libi..

365 486 535 535 dinem
555 499 663 531 rem
690 477 1054 527 administrasse
1077 448 1378 541 conquestus
1403 485 1504 539 est3
1565 477 1702 545 quod
1726 479 1971 545 judicium
1995 482 2086 530 d.-

363 597 483 650 inde
520 597 632 655 alii,
681 605 928 658 tanquam
961 587 1145 637 dictata
1194 586 1514 636 decantantes
1532 628 1545 650 ,
1602 595 1758 638 secuti
1803 605 1934 642 sunt.
2022 589 2084 641 In

363 728 463 779 quo
510 708 679 756 nescio
717 713 885 751 utrum
934 704 1091 766 magis
1142 703 1293 749 mirer
1319 738 1332 763 ,
1399 700 1603 768 quodne
1638 705 1876 752 iniuriam
1912 706 2083 754 fecis„

358 828 490 871 visus
515 824 610 870 sim
636 815 760 868 Seni
790 812 1100 864 Venerando
1136 813 1425 880 supplendis
1458 813 1547 877 iis,
1602 831 1732 881 quae
1763 817 1826 863 ab
1860 819 1969 882 ipso
2003 821 2084 866 vel

356 937 697 1003 praetermissa
725 931 807 978 vel
831 928 1056 976 consulto
1090 927 1264 974 relicta
1289 936 1458 989 erant,
1504 943 1568 975 an
1604 927 1742 995 quod
1777 929 1994 975 levitatis
2029 945 2084 977 a·

356 1051 588 1098 licentiae
622 1061 704 1092 me
736 1040 1104 1089 insimulaverit
1134 1042 1188 1085 in
1229 1055 1320 1100 eo,
1376 1040 1432 1086 in
1470 1055 1573 1107 quo
1611 1050 1799 1089 certam
1835 1041 2086 1087 rationem

360 1172 407 1210 et
433 1167 726 1224 argumenta
754 1172 779 1201 e
801 1171 853 1202 re
876 1155 983 1218 ipsa
1006 1153 1161 1217 petita
1185 1161 1381 1200 secutus
1409 1169 1510 1199 esse
1537 1151 1666 1198 mihi
1691 1150 1922 1214 videbat-3
1957 1167 2080 1198 nam

359 1272 495 1343 quod
523 1271 659 1331 dicit,
696 1285 779 1315 me
806 1265 870 1314 ad
896 1264 1272 1330 dispositionem
1291 1266 1434 1312 illam
1463 1263 1776 1312 efficiendam
1800 1266 1934 1312 locos
1957 1265 2084 1312 scri-

355 1401 554 1454 ptorum
576 1392 822 1441 mutasse,
862 1377 959 1426 hoc
993 1376 1054 1425 de
1079 1375 1271 1425 duobus
1302 1386 1503 1424 tantum
1539 1377 1660 1424 locis
1686 1377 1848 1438 valet,
1887 1378 1940 1422 in
1964 1377 2082 1442 qui-

351 1501 443 1548 bus
471 1501 623 1546 etiam
656 1497 870 1543 aliorum
889 1493 1187 1556 scriptorum
1217 1491 1508 1538 testimonia
1540 1490 1902 1536 correctionem
1933 1489 2080 1552 flagi-

349 1615 552 1673 tabant3
596 1607 696 1657 vid.
722 1604 881 1655 Anal.
910 1623 960 1670 p.
991 1604 1092 1653 324
1122 1614 1171 1651 et
1201 1606 1320 1651 325.
1412 1598 1721 1664 Supererant
1746 1610 1918 1646 tamen
1944 1615 2079 1646 non-

348 1726 489 1772 nulla
507 1762 519 1784 ‚
569 1721 748 1788 quibus
781 1734 846 1765 ex
870 1717 970 1762 illis
996 1715 1194 1763 indiciis
1225 1723 1385 1761 certus
1410 1714 1549 1759 locus
1576 1714 1814 1774 assignari
1841 1727 1946 1758 non
1983 1728 2076 1775 po-

346 1846 490 1885 terat.
564 1829 626 1880 In
650 1834 709 1878 iis
743 1826 1062 1893 disponendis
1087 1843 1170 1873 me
1194 1828 1480 1874 coniectura
1504 1833 1705 1872 tantum
1729 1825 1916 1890 aliqua,
1957 1839 2076 1888 pro-

344 1950 500 1998 babili
534 1943 740 2014 quidem
766 1943 884 2003 illa,
932 1949 981 1988 at
1003 1918 1305 1987 ¹coniectura
1339 1948 1510 1986 tamen
1547 1937 1664 1984 duci
1698 1952 1802 1983 non
1840 1936 2073 1982 dissimu-

343 2061 462 2110 lavi.
517 2058 618 2106 vid.
654 2075 704 2122 p.
736 2059 835 2104 323
870 2071 943 2120 sq.
987 2064 1036 2101 et
1073 2057 1192 2101 329.
1281 2048 1365 2099 Sic
1394 2060 1531 2116 patet
1562 2066 1626 2096 ex
1657 2048 1765 2108 his,
1810 2064 1966 2115 quam
1986 2064 2074 2112 ge—

346 2192 432 2220 nus
479 2165 724 2219 irritabile
770 2168 833 2214 sit
877 2183 982 2214 non
1035 2176 1201 2211 vatum
1252 2163 1404 2211 modo
1434 2201 1445 2221 ,
1508 2160 1595 2210 sed
1650 2165 1804 2209 etiam
1853 2158 2076 2225 philolo—

340 2301 533 2350 goram.

483 2505 585 2556 Sed
623 2509 737 2565 satis
774 2507 879 2554 iam
910 2506 1070 2551 multa
1114 2503 1174 2550 de
1213 2519 1334 2564 me3
1403 2497 1515 2549 Tua
1557 2511 1727 2548 autem
1763 2500 1969 2562 epistola
2008 2515 2065 2545 aa

340 2623 492 2667 etiam
528 2621 778 2682 continet,
838 2633 967 2685 quae
1005 2615 1066 2664 de
1116 2615 1333 2682 antiquis
1378 2614 1585 2674 litterIS,
1649 2622 1697 2659 et
1736 2611 1923 2658 deliciis
1961 2626 2066 2658 non

338 2733 495 2796 magis
520 2728 645 2779 Tuis
676 2748 830 2798 quam
857 2732 980 2778 meis
1001 2769 1012 2790 ,
1048 2724 1288 2790 Platone,
1328 2721 1697 2775 sermocinandi
1732 2725 1924 2788 largam
1949 2739 2062 2771 ma·—

337 2845 516 2891 teriam
542 2844 828 2907 praebeant.
903 2837 965 2890 In
992 2859 1090 2909 qua
1122 2842 1359 2906 epistolae
1394 2838 1538 2888 Tuae
1575 2849 1717 2902 parte
1750 2839 1971 2901 primum
1994 2837 2062 2882 il-

335 2954 427 3003 lud
453 2971 649 3002 summa
688 2973 804 3003 cum
836 2956 1089 3021 voluptate
1117 2955 1378 3017 intellexi,
1425 2956 1465 3000 si
1503 2947 1622 2999 Tibi
1660 2947 1932 3015 aliquando
1969 2964 2060 3012 per

332 3070 645 3133 gravissimas
673 3070 1020 3134 occupationes
1053 3065 1188 3118 Tuas
1212 3070 1411 3130 liceret,
1466 3063 1530 3112 ad
1557 3061 1779 3112 Platonis
1809 3058 1869 3106 de
1904 3075 2056 3124 repu-

333 3182 463 3228 blica
487 3182 638 3229 libros
666 3190 863 3228 tantum
892 3191 940 3228 et
968 3180 1220 3230 doctrinae
1250 3189 1297 3227 et
1324 3178 1566 3226 acuminis
1595 3173 1846 3231 conferre,
1888 3186 2054 3239 quan-

334 3303 443 3340 tum
467 3293 527 3340 de
551 3294 810 3341 nonnullis
836 3295 954 3341 1005:
990 3297 1042 3342 in
1067 3294 1272 3359 epistola
1309 3287 1680 3343 demonstrasti,
1721 3286 1826 3333 fore
1854 3295 1909 3332 ut
1933 3294 2055 3331 tune
