2293 3650
1012 257 1096 315 27

201 429 304 462 em.
357 403 666 475 ἲοπλὸκαμον
713 411 800 462 vel
849 406 1104 463 ἰόπλοκον.
1172 419 1291 463 tum
1340 409 1518 462 addit:
1567 409 1657 476 „si
1708 409 1914 462 editum

198 506 344 549 recte
368 515 424 548 se
460 496 668 559 habeat,
707 517 896 550 versus
929 497 1004 548 ita
1031 495 1311 549 dividendi
1341 506 1528 549 erunt:
1565 495 1732 550 ἄεισον
1764 494 1909 564 Hique}

195 583 282 637 τάν
316 587 451 635 zoam
532 583 768 635 Minime
809 603 971 636 vero:
1033 592 1273 635 metrum
1323 595 1400 636 est
1439 585 1801 656 Sapphicum,
1860 594 1919 636 ut

196 671 410 722 monuit
446 671 641 723 Herm.
681 670 828 723 Add.
868 671 934 722 ad
973 671 1139 738 Greg.
1183 670 1310 721 Cor.
1345 689 1396 740 p.
1438 672 1555 725 886.
1603 672 1692 724 vel
1726 671 1919 725 Alcai-

196 773 336 820 cum,
378 758 422 809 si
458 758 727 828 syllabam
760 758 979 827 longam
1014 756 1072 809 in
1106 755 1216 809 fine
1251 758 1501 830 suppleas
1520 756 1737 812 »ἄεισον
1769 757 1920 827 ἄμμιν

192 840 281 896 τὰν
317 841 558 898 ἶόκολπον
596 874 683 894 —·.

333 931 558 986 XXVI.
594 929 930 1001 Hephaestio
963 949 1014 1001 p·
1041 929 1123 985 55.
1169 929 1277 1001 (61.
1301 929 1496 1000 Gaisf.)
1536 927 1562 984 ὃ
1601 930 1656 985 δὲ
1686 930 1919 992 Ἀλκαῖος

190 1018 274 1072 καὶ
310 1020 629 1085 πενταμέτρῳ
668 1013 994 1086 ἀκαταλήκτῳ
1034 1014 1305 1088 ἐχρήσατο·

352 1104 579 1176 Κρονίδα
628 1103 872 1175 βασιλῆος
924 1108 1100 1174 γένος,
1166 1105 1301 1160 Αἶαν
1326 1144 1340 1169 ,
1412 1103 1500 1159 τὸν
1551 1103 1752 1176 ἄριστον
1798 1104 1914 1159 πεδ’

1109 1191 1358 1262 Ἀχιλλέα.

333 1279 522 1333 Ursin.
561 1298 613 1350 p.
657 1278 774 1334 105.
846 1276 1051 1334 Blomf.
1090 1298 1178 1331 nr.
1213 1279 1473 1332 XXXV.
1551 1276 1724 1331 Gaisf.
1759 1277 1827 1329 ad
1866 1276 1921 1328 h.

193 1367 227 1418 l.
259 1366 419 1429 »πεδ’
449 1367 691 1437 Ἀχιλλέα.
778 1366 859 1419 Ita
898 1367 1106 1418 dudum
1147 1385 1440 1419 correxere
1480 1365 1587 1419 viri
1627 1362 1922 1417 doctissimi

192 1454 415 1506 Casaub.
453 1455 520 1507 ad
560 1454 767 1507 Athen.
792 1454 930 1519 XV,
968 1454 1045 1506 15.
1118 1455 1317 1506 Portus
1353 1454 1419 1506 ad
1447 1454 1681 1524 Lyricos
1717 1472 1771 1523 p.
1805 1451 1921 1503 182.

189 1539 367 1593 Bentl.
404 1543 470 1594 ad
506 1543 821 1604 Horatium,
857 1550 909 1594 et
945 1539 1177 1594 fortasse
1215 1542 1322 1594 alii.
1376 1542 1542 1594 MSS.
1576 1539 1722 1593 παῖδ’
1757 1535 1924 1607 Ἀχιλ-

191 1625 298 1678 λέα.
371 1628 551 1680 Turn.
590 1625 710 1680 πόδ’
733 1627 979 1696 Ἀχιλλέα.
1052 1628 1200 1680 Vide
1239 1630 1310 1681 sis
1346 1627 1818 1681 Valckenaerium
1854 1624 1922 1676 ad

193 1713 385 1785 Eurip.
421 1715 628 1767 Phoen.
671 1712 859 1768 1054.“
932 1715 1136 1767 Similis
1173 1715 1438 1767 sententia
1475 1724 1554 1767 est
1585 1713 1739 1766 scolii
1775 1713 1923 1783 apud

191 1800 401 1854 Athen.
437 1800 572 1854 XV.
616 1820 667 1872 p.
709 1800 830 1870 695.
871 1799 930 1852 C.
999 1808 1096 1853 παῖ
1142 1801 1465 1867 Τελαμῶνος,
1525 1801 1659 1854 Αἶαν
1696 1797 1924 1871 αἰχμητὰ,

194 1886 395 1956 λέγουσί
441 1908 496 1940 σε
526 1887 610 1948 Ἐς
652 1890 840 1954 Τροίαν
874 1883 1078 1954 ἄριστον
1122 1886 1305 1940 ἐλθεῖν
1348 1891 1559 1940 Δαναῶν
1606 1889 1716 1955 μετ’
1755 1886 1924 1957 Ἀχιλ-

194 1972 314 2040 λέα,
367 1975 514 2046 quod
555 1972 890 2046 comparavit
924 1973 1235 2027 Blomfield.

811 2066 932 2111 III.
969 2056 1319 2128 Συμποσιακᾶ.

337 2148 595 2203 XXVII.
666 2147 874 2202 Athen.
911 2148 986 2201 X.
1046 2167 1098 2219 p.
1137 2149 1258 2203 450.
1305 2148 1381 2202 Α.
1453 2144 1578 2199 κατὰ
1624 2147 1712 2216 γᾶρ
1758 2151 1926 2200 πᾶσαν

196 2232 328 2306 ῶραν
363 2238 446 2289 καὶ
481 2242 646 2290 πᾶσαν
681 2241 971 2304 περίστασιν
1004 2241 1160 2290 πίνων
1197 2235 1223 2290 ὃ
1263 2234 1484 2305 ποιητὴς
1521 2227 1667 2296 οὗτος
1703 2230 1925 2303 εὗρίσκε-

198 2345 315 2391 ται,
351 2328 591 2395 χειμῶνος
625 2323 716 2391 μὲν
752 2325 806 2375 ἐν
840 2318 1065 2385 τούτοις·

482 2409 562 2465 ὕει
596 2410 686 2479 μὲν
721 2407 746 2464 ὅ
790 2407 941 2475 Ζεύς,
988 2413 1044 2464 ἐκ
1082 2409 1138 2463 δ’
1170 2411 1331 2479 ὀρανῶ
1364 2413 1513 2480 μέγας

480 2499 687 2571 χειμὼν,
722 2495 1006 2568 πεπάγασιν
1043 2499 1092 2552 δ’
1122 2495 1316 2552 ὑδάτων
1353 2497 1483 2568 ῥοαί.

482 2757 742 2829 κάββαλλε
781 2759 867 2812 τὸν
900 2757 1129 2829 χειμῶν’,
1164 2759 1251 2811 ἐπὶ
1290 2756 1379 2825 μὲν
1416 2758 1583 2820 τιθεὶς

481 2853 613 2916 πῦρ,
650 2850 703 2900 ἐν
741 2847 795 2900 δὲ
833 2849 1020 2916 κίρναις
1059 2845 1192 2898 οἶνον
1226 2844 1466 2910 ἀφειδέως

552 2933 814 3006 μελιχρὸν,
855 2933 1012 3001 αὐτὰρ
1050 2934 1178 3002 ἀμφὶ
1213 2931 1369 3003 κόρσᾳ

624 3022 897 3092 μαλθακὸν
933 3021 1059 3090 ἀμφὶ
1091 3018 1373 3092 γνόφαλλον
1442 3048 1513 3059 —-
1584 3049 1652 3059 —

339 3111 526 3165 Ursin.
564 3131 622 3184 p.
665 3129 784 3166 100.
855 3111 975 3164 Iani
1013 3130 1066 3181 p.
1110 3113 1192 3165 15.
1264 3107 1467 3162 Blomf.
1519 3128 1603 3161 nr.
1652 3109 1698 3158 Ι.
1783 3106 1926 3159 Edit.

201 3197 350 3251 Ven.
388 3201 514 3252 Bas.
551 3202 606 3252 ἒν
643 3197 691 3252 δ’
722 3199 914 3270 ἆρανῶ,
952 3198 1138 3252 Ursin.
1175 3196 1362 3268 Steph.
1397 3199 1452 3249 ἒν
1487 3197 1536 3250 δ’
1566 3196 1744 3264 ὀρανῶ.
1818 3195 1928 3245 Ca-

204 3287 355 3341 saub.
390 3289 447 3340 ἐν
480 3288 530 3342 δ’
559 3287 747 3355 ὥρανῶ.
847 3286 954 3339 Sed
1003 3288 1114 3340 duo
1162 3285 1326 3339 MSS.
1366 3285 1670 3352 Schweigh.
1717 3291 1770 3334 et
1809 3282 1925 3333 cod.

204 3373 429 3427 Fames·
466 3394 554 3447 ap.
578 3376 768 3429 Ursin.
805 3377 863 3428 ἐκ
896 3374 946 3427 δ’
975 3375 1165 3445 ὥρανῷ.
1207 3373 1354 3427 unde
1389 3373 1565 3425 Sehw.
1599 3379 1742 3423 recte
1779 3368 1927 3424 dedit
