2293 3650
1164 271 1244 333 52

337 433 600 487 θαλασσία
653 431 801 482 enim
847 430 1180 502 adscriptum
1230 444 1373 489 esse,
1443 434 1505 478 ut
1547 427 1780 479 alterum
1828 422 1981 487 λεπάς
2036 445 2068 479 a

339 522 528 592 priore
564 518 1002 584 distingueretur.
1074 508 1297 567 θαλύνοι
1331 521 1615 583 comparat
1648 531 1771 566 cum
1809 513 2066 583 Bacchyl.

339 598 579 673 θάλπησι
609 594 784 669 θυμόν
820 601 1026 655 Athen.
1053 599 1122 652 H.
1162 619 1220 671 p.
1249 599 1333 670 59.
1372 599 1437 650 E.
1486 595 1684 668 χαύνοις
1717 602 1918 653 mutari
1956 620 2065 652 non

338 709 555 745 necesse
596 708 709 742 esse
745 698 927 741 censet
960 686 1262 757 Schweigh.
1304 687 1469 738 modo
1507 686 1942 757 vel-terminatio
1980 687 2068 739 vel

339 787 589 830 accentus
625 784 864 828 mutetur
914 777 1119 844 (χαυνοῖ
1156 773 1250 841 (τ’).
1338 772 1485 825 Mihi
1532 791 1645 825 non
1687 773 1956 844 displicet:
2011 775 2068 826 ἐκ

337 860 572 918 λοπάδων
604 861 816 934 χλιαίνοι
851 865 1031 932 φρένας
1063 859 1096 914 ἆ
1130 860 1302 924 λεπάς.

479 1008 611 1059 LX.
668 1007 876 1060 Athen.
915 1006 1022 1059 XI.
1061 1026 1114 1079 p.
1153 1006 1275 1059 460.
1314 1007 1386 1059 D.
1429 1006 1496 1057 de
1530 1023 1650 1057 voc.
1688 999 1947 1073 ποτήριον.
1987 1003 2072 1057 καὶ

330 1092 609 1154 Ἀλκαῖος·
657 1091 713 1146 ἔτι
749 1093 804 1146 δὲ
839 1097 1091 1162 ποτηρίων
1126 1089 1297 1162 πώνης
1336 1094 1595 1160 διννομένη
1633 1092 1891 1159 παρίσὸον.

479 1180 669 1234 Ursin.
719 1200 774 1251 p.
816 1198 931 1233 101.
986 1179 1190 1233 Blomf.
1234 1200 1318 1232 nr.
1359 1178 1585 1232 XXIX.
1652 1178 1880 1231 Casaub.
1921 1196 2067 1229 corr.

336 1269 393 1319 ἐκ
427 1267 483 1320 δὲ
519 1288 633 1320 ποτ.
670 1266 872 1330 πιόντες
908 1269 1240 1335 δειπνουμένῃ
1292 1267 1415 1335 (vel
1451 1267 1767 1333 Δεινομένει)
1810 1264 2070 1331 παρίσδον.

337 1352 402 1406 ln
439 1358 723 1419 Δεινομένει
758 1357 868 1408 iam
907 1355 1143 1407 Ursinus
1182 1355 1477 1414 inciderat3
1515 1354 1661 1405 idem
1688 1352 1884 1425 probat
1907 1351 2071 1402 etiam

337 1439 642 1511 Schweigh.
683 1443 835 1512 (qui,
883 1443 1027 1511 quod
1068 1442 1310 1502 mireris,
1361 1443 1427 1492 de
1451 1441 1788 1498 Dinomene,
1841 1438 2071 1490 Gelonis

334 1536 504 1597 patre,
546 1529 774 1598 cogitat)
813 1540 864 1581 et
892 1528 1091 1582 Blomf.
1121 1537 1172 1580 et
1198 1527 1553 1580 confirmatur
1581 1527 1648 1579 fr.
1675 1526 1865 1578 LXX.
1917 1523 2067 1592 Quid

333 1613 433 1665 sub
467 1633 588 1667 voe.
622 1613 792 1685 πώνης
831 1618 1021 1680 lateat,
1061 1617 1157 1667 vix
1193 1616 1413 1666 dixeris.
1487 1616 1857 1666 Coniecerunt
1892 1616 2069 1669 πίνων,

332 1696 491 1763 πιών,
551 1702 757 1754 Blomf.
797 1704 977 1771 πένης,
1034 1703 1130 1754 sed
1174 1702 1266 1752 vix
1314 1700 1665 1770 intelligitur,
1725 1698 1999 1769 quomodo
2038 1716 2069 1749 e

335 1796 446 1839 tam
482 1788 690 1840 usitatis
728 1789 1005 1841 vocabulis
1034 1789 1164 1841 illud
1198 1797 1505 1840 monstrum
1540 1788 1771 1838 existere
1809 1784 2065 1856 potuerit.

330 1873 442 1926 Pro
492 1875 737 1940 παρίσδον
784 1876 869 1926 ed.
914 1875 1113 1926 Venet.
1153 1875 1434 1941 παρίσδων,
1499 1874 1619 1926 MS.
1658 1874 1731 1925 A.
1771 1871 2064 1938 παρίσδωνι,

330 1979 360 2011 e
399 1978 504 2028 quo
543 1959 845 2029 Schweigh.
882 1959 1012 2018 facit
1047 1961 1272 2028 παρίσδω
1307 1981 1410 2024 νιν,
1468 1961 1526 2012 vi
1564 1961 1768 2023 activa,
1820 1961 2064 2008 adsidere

316 2048 478 2113 facio
507 2050 652 2096 illum
676 2050 762 2097 vel
784 2051 914 2097 illos.
985 2048 1232 2099 Metrum
1272 2067 1386 2100 esse
1422 2058 1602 2101 censet
1625 2045 1825 2099 Blomf.
1864 2065 1892 2097 e
1929 2044 2065 2096 cho-

330 2132 594 2184 riambico
633 2143 687 2184 et
723 2132 958 2185 iambico
995 2135 1261 2186 mixtum:

631 2247 657 2254 .-
674 2238 745 2258 υν
764 2239 834 2259 ..υ
852 2240 922 2259 ...υ
940 2249 967 2255 ..
993 2220 1001 2275 Ι
1030 2241 1229 2261 uuuuu
1246 2233 1338 2264 ..τ

330 2301 389 2344 ut
417 2290 786 2344 Anacreontis
812 2293 948 2345 illud
983 2313 1067 2365 ap.
1093 2295 1277 2366 Heph.
1310 2315 1362 2366 p.
1388 2295 1470 2348 52-
1511 2295 1568 2345 ἐκ
1597 2297 1828 2361 ποταμοῦ
1851 2293 2062 2364 ’πανέρ-

328 2396 476 2446 χομαι
512 2375 676 2430 πάντα
715 2381 936 2448 φέρουσα
969 2379 1187 2450 λαμπρά.
1242 2383 1424 2450 itaque
1462 2400 1572 2433 uno
1609 2400 1773 2434 versu
1810 2381 2022 2433 scribit:

539 2467 595 2517 ἐκ
632 2465 684 2518 δὲ
721 2470 974 2535 ποτηρίων
1012 2470 1169 2534 πένης
1205 2471 1487 2534 Δεινομένει
1523 2469 1782 2535 παρίσδον.

330 2568 494 2619 quam
531 2553 748 2604 tertiam
785 2552 1023 2605 formam
1060 2555 1279 2626 Priapei
1316 2556 1470 2626 ponit
1491 2556 1686 2608 Herm.
1717 2557 1874 2608 elem·
1905 2554 1954 2607 d.
1987 2574 2059 2606 m·

327 2654 376 2707 p.
416 2642 532 2705 574.
581 2640 730 2692 idem
768 2652 950 2693 autem
991 2642 1422 2695 choriambicum
1469 2643 1539 2693 ib.
1590 2662 1644 2714 p.
1682 2645 1804 2696 425.
1874 2641 1946 2694 V.
1985 2642 2054 2693 D.

326 2723 383 2774 in
427 2723 724 2795 Ephemer.
772 2729 885 2781 Ien.
930 2729 1078 2784 1806.
1126 2750 1209 2783 nr.
1250 2733 1367 2803 249.
1424 2733 1480 2783 ἐκ
1526 2730 1582 2783 δὲ
1629 2733 1883 2800 ποτηρίων
1926 2727 2056 2781 πιὼν

328 2809 563 2884 ῖσῦομένῃ
604 2818 864 2884 παρίσδον.

467 2940 626 2994 LXI.
689 2945 897 3000 Athen.
934 2945 1057 2998 VH.
1098 2965 1149 3017 p.
1183 2949 1301 3000 311.
1340 2947 1413 3000 A.
1455 2944 1707 3009 Ἀλκαῖος
1742 2943 1794 2997 δ’
1833 2939 1860 2996 ὅ
1899 2940 2050 3009 μελο-

327 3025 473 3088 51⁰ch
516 3033 760 3097 μετέωρον
808 3036 959 3100 φησὶν
1002 3033 1158 3085 αὐτὸν
1209 3032 1327 3101 (τὸν
1364 3031 1616 3101 λάβρακα)
1667 3030 1930 3101 νήχεσθαι.
1990 3029 2045 3079 id

328 3121 430 3177 est,
495 3129 760 3167 extantem
803 3140 965 3184 supra
1011 3141 1236 3170 summas
1281 3141 1482 3187 aqua-3,
1543 3124 1628 3170 vel
1659 3137 1960 3184 suspensum
2000 3127 2050 3164 et

323 3212 550 3250 erectum
577 3208 753 3252 animo
768 3243 783 3262 ¹.
821 3209 1049 3255 insidias
1077 3210 1303 3272 undique
1333 3219 1625 3265 caventem,
1650 3210 1894 3275 fugitivo
1930 3207 2046 3266 regi

324 3298 373 3332 ot
404 3290 672 3337 sacerdoti
708 3290 921 3340 Dianae
959 3297 1200 3343 Arianae
1237 3296 1471 3343 similem.
1542 3293 1807 3345 CASAK’B.

460 3372 645 3427 Ursin.
690 3394 740 3448 p.
782 3378 897 3430 103.
1508 3371 1513 3375 ’
