2293 3650
1192 249 1271 307 12

359 399 776 464 Blomfieldius,
852 399 1196 454 dissimulans
1225 437 1239 463 ,
1318 409 1379 453 ut
1433 400 1675 470 videtur,
1745 403 1943 457 ducem
1989 402 2092 456 sibi

357 486 527 542 fuisse
564 489 935 544 Schowium.“
1020 488 1183 541 Hanc
1221 487 1511 541 lectionem
1548 489 1773 542 Blomfi-
1800 490 2092 543 confirmat

357 574 481 628 loco
530 576 752 629 Horatii
803 597 973 627 nonne
1026 578 1173 626 vides
1220 604 1291 616 ·--
1349 587 1408 626 ut
1452 580 1624 628 malus
1672 582 1828 629 celeri
1874 583 2089 629 saucias

356 665 553 728 Africo
589 665 1337 732 Antennaeque'gemant,
1374 682 1441 715 ac
1478 669 1625 714 sine
1657 668 1960 732 funibus
1995 670 2088 714 vix

357 750 554 799 durare
602 755 828 802 carinae
869 756 1084 817 possint
1137 755 1471 817 imperiosius
1525 753 1765 818 aequor?
1832 772 1938 803 non
1985 753 2090 800 tibi

353 847 478 885 sunt
511 842 728 907 integra
766 841 946 888 lintea.
985 837 1255 890 Valcken.
1295 839 1361 890 ad
1391 839 1659 892 Ammon.
1699 857 1753 909 p.
1796 837 1909 890 114.
1947 836 2088 890 coni.

353 921 528 977 κοίλαν
563 923 666 994 πὰρ
702 924 792 990 μὲν
827 924 917 993 γὰρ
953 921 999 976 ἃ.
1023 921 1075 976 ἶ.
1114 927 1155 978 ἔ.
1199 934 1388 977 contra
1426 935 1696 986 metrum,
1739 925 1883 994 quod
1920 943 2092 995 spon·
2136 992 2139 998 ι

353 1008 521 1062 deum
559 1011 618 1063 in
657 1011 761 1062 hac
810 1011 939 1062 sede
989 1030 1101 1063 non
1142 1012 1351 1082 recipit.
1418 1012 1626 1065 IacobS.
1666 1013 1902 1065 tentabat
1934 1008 2091 1064 καλὸν
2129 1034 2133 1038 ’

352 1093 583 1164 πρύμναν
623 1092 653 1151 ὅ
688 1096 738 1168 γ’
782 1094 961 1158 ἄντλος
999 1098 1046 1168 χ’
1075 1099 1349 1152 ἱστοπέδαν
1385 1099 1497 1169 ἔχει.
1550 1097 1755 1151 Blomf.
1793 1118 1846 1151 v.
1874 1099 1924 1150 5.
1968 1117 2091 1150 ma-

351 1183 415 1236 lit
454 1188 621 1237 πᾶσαν
655 1185 743 1255 γὰρ
778 1182 828 1236 ὀί.
901 1185 1211 1239 Hermann.
1237 1183 1425 1254 (κάλων
1442 1190 1481 1248 ·)
1520 1185 1615 1252 πὲρ
1656 1185 1748 1250 μὲν
1781 1182 1870 1254 γὰρ
1905 1181 2089 1245 ἄντλος

349 1273 449 1322 ἱστ.
489 1273 604 1343 ἔχει,
643 1271 739 1341 πὲρ
777 1291 881 1343 pro
912 1277 1044 1341 περί,
1085 1285 1145 1327 ut
1182 1274 1239 1327 in
1280 1273 1478 1344 fragm.
1516 1273 1799 1325 LXXXI.
1839 1272 2003 1323 Idem·
2030 1270 2089 1322 in
2134 1296 2138 1301 ·

348 1362 567 1410 Handb.
617 1363 708 1410 der
745 1363 947 1409 „Metrik
994 1379 1044 1432 p.
1082 1363 1201 1414 225.
1248 1362 1389 1414 nihil
1435 1354 1763 1414 mutandum
1808 1358 2091 1411 iudicave-

347 1455 450 1496 rat.
523 1445 745 1499 Verum
796 1445 934 1498 mihi
995 1466 1213 1519 quoque
1265 1450 1485 1501 videtur
1524 1447 1761 1502 Schowii
1797 1456 1848 1498 et
1884 1443 2088 1497 Blomf.

346 1527 539 1584 κάλων·
577 1534 686 1585 nisi
721 1535 798 1585 sic
835 1534 1018 1587 locum
1053 1538 1299 1608 accipere
1336 1536 1522 1588 malis:
1558 1534 1737 1596 ἄντλος
1775 1535 1935 1603 (aqua
1967 1551 2088 1584 ma-

347 1618 489 1682 rina,
527 1639 694 1689 quam
731 1621 927 1673 fluctus
966 1624 1151 1691 agitati
1187 1623 1243 1674 in
1285 1640 1485 1673 navem
1521 1622 1831 1672 involvunt.
1884 1619 2089 1673 Aesch.

345 1705 400 1759 S.
438 1725 481 1758 e.
537 1707 644 1759 Th.
687 1709 808 1780 798.
881 1712 960 1760 Ia
978 1729 1021 1761 e.
1058 1708 1168 1760 vid.
1207 1706 1526 1758 Hemsterh.
1565 1707 1631 1758 ad
1668 1707 1896 1760 Lucian.
1936 1708 2083 1760 Tim.

347 1793 393 1861 ς.
432 1792 482 1845 4.
521 1804 658 1847 extr.
711 1796 778 1847 T.
808 1797 850 1847 I.
900 1816 952 1867 p.
993 1796 1112 1849 541.
1163 1795 1286 1865 Bip.
1323 1792 1513 1844 Minus
1550 1802 1697 1845 recte
1733 1794 1978 1866 Elmsley
2016 1794 2084 1846 ad
2167 1851 2171 1856 ,

343 1879 478 1931 Eur.
529 1881 751 1933 Heracl.
810 1883 924 1953 169.
990 1882 1057 1934 de
1120 1900 1181 1933 ea
1231 1880 1384 1932 navis
1435 1890 1591 1950 parte
1643 1881 1872 1952 accipit,
1945 1901 2084 1951 quae

342 1977 532 2038 postea
567 1966 709 2038 κοίλη
748 1972 866 2030 ναῦς
902 1970 1017 2021 sive
1047 1967 1214 2021 κοιλία
1253 1969 1526 2039 appellata
1563 1968 1674 2032 sit.)
1713 1969 1811 2038 ἔχει
1857 1967 1950 2039 τὴν
1985 1976 2083 2039 νῆα

344 2054 565 2122 (obtinet
600 2062 815 2121 navem)
855 2055 990 2123 παρὰ
1027 2057 1117 2109 vel
1157 2057 1270 2124 περὶ
1313 2054 1464 2107 nazar
1501 2055 1787 2107 ἷσιοπέδαν.
1844 2057 2085 2112 Brevem

342 2144 610 2211 syllabam
661 2156 780 2217 post
826 2145 1025 2216 pedem
1082 2143 1386 2196 secundum
1434 2142 1671 2196 Alcaeus
1719 2143 1882 2196 habet
1919 2146 2081 2198 etiam

341 2227 411 2280 fr.
462 2229 693 2284 XXIX.
745 2230 1066 2302 προκάψομες
1105 2229 1192 2301 γὰρ
1239 2231 1346 2284 οὐδ.
1395 2239 1449 2281 et
1485 2229 1618 2281 XV.
1669 2249 1723 2299 p.
1757 2231 1876 2300 695.
1913 2233 1987 2285 A.
2033 2234 2084 2286 εἴ
2142 2217 2161 2228 ⁶

341 2337 416 2376 τις
465 2312 694 2384 δύναιτο,
741 2323 1126 2372 2—0-—12
1202 2317 1287 2368 De
1328 2317 1573 2379 ἱστοπέδῃ
1624 2317 1734 2367 vid.
1775 2317 1968 2370 Valck.
2006 2321 2075 2373 ad

340 2403 531 2456 Amm.
570 2406 606 2458 l.
647 2424 690 2457 c.
764 2405 837 2458 V.
879 2408 927 2455 6.
984 2402 1196 2474 ζάδηλον
1245 2404 1401 2465 Gale,
1454 2402 1646 2455 Gaisfi
1679 2404 1744 2455 ad
1782 2405 1965 2476 Heph.
2022 2427 2076 2479 p.

342 2493 459 2544 356.
499 2491 704 2545 Blomf.
751 2494 947 2545 Herm.
984 2492 1086 2555 ζάδ.
1136 2491 1406 2544 aeolicum
1460 2500 1536 2542 est
1584 2510 1685 2560 pro
1728 2489 1981 2560 διάδηλον.
2019 2514 2073 2547 v.

339 2579 524 2649 Etym.
574 2581 654 2633 M.
708 2601 760 2652 p.
801 2580 923 2648 407,
966 2599 1011 2650 7.
1056 2598 1135 2651 19.
1175 2596 1257 2650 29.
1317 2578 1519 2630 Blomf.
1577 2578 1703 2629 citat
1753 2579 1954 2650 Sapph.
2004 2581 2074 2634 fr.

272 2652 274 2654 ’
339 2685 392 2738 p.
435 2668 517 2719 23.
607 2667 758 2736 Quid
801 2677 985 2720 tamen
1023 2667 1075 2719 h.
1111 2667 1147 2719 l.
1186 2666 1286 2718 sibi
1325 2663 1456 2719 velit
1497 2662 1737 2734 ζάδηλον,
1777 2665 1954 2719 fateor
1989 2687 2079 2722 me

341 2755 580 2816 nescire3
625 2774 805 2825 neque
854 2754 1004 2806 enim
1042 2774 1155 2806 esse
1190 2765 1368 2825 potest
1404 2764 1655 2807 nostrum
1694 2757 2076 2824 clurclzsiclztig.

339 2842 529 2910 Itaque
569 2843 740 2913 magis
778 2844 985 2915 placet,
1034 2842 1180 2910 quod
1217 2842 1403 2894 Barth.
1443 2842 1729 2906 Heinsius,
1777 2843 1955 2896 Bentl.
2005 2845 2074 2895 ad

339 2929 537 2981 Horat.
576 2948 631 3000 p.
671 2948 788 3002 709.
828 2932 1100 2983 dederunt
1137 2926 1349 2996 ἄδηλον,
1387 2928 1532 2999 quod
1572 2929 1757 2980 Barth.
1796 2931 2076 3000 interpre-

340 3025 515 3068 tatur:
563 3022 733 3068 velum
767 3040 872 3069 non
910 3021 1136 3083 amplius
1177 3031 1424 3082 apparet,
1459 3023 1542 3067 ita
1580 3029 1745 3066 totum
1778 3020 2073 3069 laceratum

341 3116 447 3165 est,
488 3117 545 3154 ut
582 3109 752 3156 velum
776 3110 955 3173 fieerit
987 3127 1080 3157 nec
1118 3127 1199 3167 ne,
1237 3126 1342 3156 non
1371 3107 1596 3170 amplius
1625 3106 1870 3170 dignosci
1901 3119 2073 3171 queat.

340 3191 544 3244 Iacobs.
594 3192 736 3243 coni.
785 3191 1059 3262 ἄχρηστον,
1118 3194 1424 3245 dubitanter
1473 3200 1672 3242 tamen.
1743 3195 1922 3260 χαλᾶσι
1967 3213 2071 3264 pro

341 3282 539 3347 χολαῖσι
593 3279 742 3332 dedit
793 3279 903 3332 iam
950 3281 1136 3333 Ursin.
1214 3277 1488 3331 Carminis
1541 3278 1702 3329 huius
1755 3279 2070 3347 allegoriam

343 3364 582 3419 imitatus
622 3377 699 3420 est
736 3367 930 3421 Horat.
966 3369 1148 3422 Carm.
1181 3369 1224 3429 J,
1270 3368 1348 3420 14.
1386 3365 1481 3417 ubi
1519 3364 1693 3417 nostri
1729 3363 1923 3436 fragm.
1959 3384 2071 3418 non
