2293 3650
1183 262 1272 320 70

358 420 496 476 πόδα
531 421 602 481 εἷς
637 417 697 470 τά
730 416 946 482 τέσσαρα
984 417 1074 466 τοῦ
1113 409 1423 482 δισυλλάβου
1459 414 1712 483 σχήματα,
1777 418 2089 486 ἑκατέρωθεν

363 510 416 564 δὲ
455 507 541 570 τὰς
578 499 837 573 ἰαμβικὸς,
894 497 962 554 ὧν
999 497 1031 566 ἦ
1070 496 1248 570 πρώτη
1297 501 1379 553 καὶ
1413 500 1515 554 ἀπὸ
1563 502 1827 557 σπονδείου
1870 503 2085 576 ἄρχεται,

347 590 651 665 Ἀλκμαὶκὸν
684 590 913 644 καλεῖται
947 585 1423 657 ὄωόεκασυλλαβον,
1472 588 1602 639 οἷον·

607 691 784 762 κόλπῳ
821 691 874 744 σ’
918 688 1157 752 ἒῢέξανθ’
1198 685 1343 758 &ymb
1381 683 1596 754 Χάριτες
1631 685 1830 759 K96w.»

359 798 562 855 Blomf.
599 819 682 852 nr
712 795 1000 851 XXXIII.
1053 791 1208 847 Pro'
1203 791 1493 860 ίλκμαικὸν
1531 791 2087 849 Ν.11ῑ11)εὶᾶλκαῖκόν.

361 963 424 1015 C.
460 909 709 1029 ἆλχῗίίκόν.
766 952 976 1006 Alcaeo
1012 949 1206 1003 tribuit
1242 950 1406 1002 etiam
1433 948 1610 1002 Gaisf.
1648 948 1862 1003 in³Ind.
1899 951 2093 1024 Script.

360 1046 461 1101 sub
505 1064 556 1099 v.
594 1048 882 1095 Poetarum
920 1042 1014 1108 qui
1050 1059 1156 1089 non
1193 1043 1553 1094 nominantur.

506 1201 752 1260 CXXV.
807 1200 888 1253 Id.
924 1220 977 1273 p.
1015 1198 1098 1255 54.
1139 1200 1221 1272 (p.
1258 1197 1345 1271 59.
1381 1195 1592 1266 Gaisf.)
1630 1200 1730 1250 τῶν
1765 1195 1824 1250 δὲ
1858 1198 2096 1267 τετραμέ-

366 1314 494 1367 ‹Qun›
529 1290 587 1346 τὸ
627 1290 716 1360 μὲν
749 1286 1113 1357 καταληκτικὸν
1149 1282 1384 1355 καθαρόν
1420 1288 1528 1338 ἔστι
1565 1282 1621 1338 τὸ
1659 1289 1915 1337 τοιοῦτον·

516 1445 521 1447 s
568 1372 879 1433 κατθνάσκει
911 1374 1154 1444 Κυθέρη’
1182 1371 1335 1445 ἆβρὸς
1357 1372 1592 1435 Ἄδωνις·
1633 1377 1685 1426 τί
1718 1393 1773 1426 κε
1809 1375 2024 1440 θεῖμεν,-

571 1460 932 1520 καττῦπτεσθε
968 1457 1111 1529 κόραι
1149 1463 1234 1514 καὶ
1269 1464 1624 1531 κατερείκεσθε
1657 1464 1884 1530 χιτῶιας.

358 1559 569 1613 Alcaeo
599 1554 850 1606 tribuunt
873 1549 1078 1603 Blomf.
1106 1559 1159 1601 et
1184 1549 1354 1601 Gaisf.
1398 1550 1431 1601 l.
1460 1567 1503 1600 c,-
1542 1568 1643 1600 nec
1668 1547 1886 1609 iniuria,
1924 1564 2097 1616 quum

359 1644 526 1701 metri
573 1660 744 1713 genus
795 1638 847 1691 ei
893 1646 1086 1709 poetae
1135 1635 1550 1687 usitatissimum
1597 1635 1682 1686 sit.
1787 1633 1893 1686 Sed
1945 1634 2095 1686 idern

361 1731 585 1806 Sappho
633 1725 954 1798 usurpavit,
1026 1732 1088 1774 ut
1134 1723 1332 1775 eodem
1386 1722 1509 1775 iure
1564 1721 1811 1793 poetriae
1859 1720 2098 1774 adscribi

360 1821 545 1896 possit.
617 1810 927 1869 κατθνάσκει
972 1811 1190 1882 sclipsit
1227 1811 1405 1863 Bentl.
1446 1810 1512 1861 ad
1552 1809 1748 1861 Hor-at
1792 1828 1847 1880 p.
1887 1824 2004 1877 710
2047 1817 2099 1861 et

360 1907 652 1966 Hotchkis.
689 1903 756 1954 ad
792 1900 908 1951 h.1.
948 1890 1300 1964 κατερεὶκεσθε
1337 1904 1417 1946 est
1454 1914 1484 1946 e
1521 1895 1833 1948 coniectura
1872 1896 2099 1959 Pauwii,

359 1996 593 2071 probata
640 1984 1023 2055 VVesselingio
1074 1993 1127 2036 et
1177 1982 1450 2036 Valcken.
1499 1982 1566 2033 ad
1614 1982 1825 2035 Helod.
1878 2002 1934 2054 p.
1979 1987 2097 2038 250.

360 2104 428 2157 pl
434 2103 465 2135 0
502 2075 843 2147 κατερύκεσθε
879 2074 953 2137 *)

416 2294 456 2350 ⁸)
498 2296 624 2338 Inter
653 2289 814 2345 fragm.
831 2287 987 2330 Alcaei
1016 2285 1078 2329 H.
1110 2284 1270 2341 Steph.
1300 2299 1349 2341 p
1380 2284 1450 2325 50.
1482 2292 1527 2325 et
1555 2283 1607 2325 F.
1638 2283 1792 2327 Ursm.
1823 2296 1870 2337 p.
1899 2281 1992 2325 104.
2022 2298 2095 2327 re·

475 2369 682 2412 tulerunt
714 2367 849 2406 etiam
879 2363 1036 2404 locum
1066 2363 1254 2402 citatum
1292 2372 1318 2399 a
1348 2357 1476 2400 Plut.
1506 2371 1556 2397 π.
1592 2353 1674 2408 τῆς
1707 2351 1791 2408 ⁷29.
1823 2349 1898 2410 α’ρ.
1941 2358 2000 2400 Τ.
2031 2360 2094 2402 ΙΙ.

474 2455 525 2496 p.
555 2440 655 2480 448.
687 2439 738 2480 F.
779 2431 915 2477 αἶδως
947 2444 1025 2475 τε·
1080 2427 1229 2474 δισσαὶ
1262 2425 1313 2472 δ’
1343 2435 1476 2479 εισιν,
1528 2426 1559 2482 ἦ
1588 2428 1674 2482 μὲν
1704 2423 1756 2469 ου’
1786 2428 1928 2484 κακὴ,
1981 2428 2012 2485 ἦ
2043 2428 2094 2473 δ’

473 2509 621 2566 ἔχθος
651 2509 801 2552 οἴκων.
872 2504 962 2549 Sed
1002 2505 1054 2548 hi
1091 2518 1251 2547 versus
1291 2513 1397 2545 sunt
1436 2502 1648 2558 Euripid.
1679 2502 1873 2560 Hippol.
1904 2501 2002 2546 585.
2043 2515 2095 2549 ut

472 2584 648 2628 dudum
681 2583 863 2626 monuit
893 2579 1073 2623 Theod.
1112 2575 1288 2620 canter.
1318 2577 1425 2619 Var.
1461 2577 1565 2618 lect.
1596 2577 1668 2627 ΙΙ,
1704 2576 1770 2623 18.
1808 2577 1977 2621 Alcaeo
2008 2584 2093 2622 tri-

472 2657 706 2702 buendum
747 2669 844 2698 esse
881 2653 1037 2709 fragm.
1071 2667 1144 2708 ap.
1174 2650 1297 2693 Plut.
1331 2651 1391 2693 T.
1423 2651 1481 2693 ΙΙ.
1510 2664 1555 2705 p.
1582 2648 1677 2704 798.
1709 2650 1766 2692 D.
1804 2653 2094 2697 existimabat

473 2732 525 2776 B.
557 2730 744 2773 Martin.
773 2729 882 2770 Var.
913 2729 1014 2770 lect.
1039 2728 1143 2780 ΙΙΙ,
1192 2737 1254 2767 12.
1300 2725 1425 2782 quod
1464 2723 1519 2767 ab
1559 2725 1659 2766 aliis
1702 2727 1854 2768 verius
1891 2725 2092 2771 Pindaro

474 2804 754 2848 adscribitur.
794 2800 886 2844 vid.
918 2799 973 2842 sc.
1002 2800 1133 2843 Pind.
1165 2814 1209 2856 p.
1238 2800 1329 2840 105.
1369 2798 1437 2841 ed.
1470 2798 1650 2851 Heyne.
1700 2796 1963 2843 Blomfield.
2002 2801 2092 2846 hoc

472 2883 609 2922 etiam
648 2879 821 2933 recepit
854 2876 981 2917 nulla
1023 2889 1156 2918 causa
1193 2871 1342 2915 addita
1382 2887 1451 2916 nr.
1481 2871 1719 2916 XXXIX.
1757 2885 1818 2914 ex
1848 2873 2091 2928 Hephaest.

474 2967 518 3007 p.
552 2954 619 3006 47.
653 2953 728 3007 (p.
754 2951 824 2992 81.
856 2946 1011 3001 Gaisf.)
1047 2943 1249 2990 τοιοῦτος
1280 2942 1341 2988 εἷς
1374 2942 1528 3002 Θήβας
1556 2941 1668 2987 πάϊς
1698 2940 1954 2998 ἆρμάτεσσ’
1975 2940 2092 3000 ὀχή-

476 3037 632 3078 μενος,
665 3034 710 3067 et
739 3023 858 3067 illud
879 3022 940 3065 ib.
970 3016 1104 3074 μόλις
1131 3020 1217 3075 μὲν
1237 3019 1374 3074 ’Έννη
1405 3016 1574 3062 λεπτὸν
1604 3012 1750 3071 ἕχοισ’
1770 3012 1851 3059 ἐπ’
1873 3013 2087 3074 ἄτροὶκτω

475 3095 614 3138 λίνον.
650 3107 749 3139 tum
789 3110 854 3138 nr.
892 3095 1068 3139 LXIV.
1114 3108 1176 3137 ex
1216 3092 1467 3148 Apollonio
1507 3107 1560 3134 π.
1604 3086 1767 3133 ὀντων.
1815 3104 1863 3145 p.
1894 3091 1992 3134 583.
2029 3093 2086 3135 Β.

475 3165 658 3214 ,Αἰολεῖς
695 3168 875 3224 ἄμμι·
915 3163 1031 3211 α’λλᾶ
1062 3180 1131 3226 τις
1159 3164 1281 3221 ὄίμμι
1311 3162 1500 3220 δαίμων.
1572 3154 1740 3207 Versus
1768 3164 1889 3220 apud
1920 3165 2087 3210 Athen.

473 3244 580 3286 vn.
620 3258 664 3299 p.
695 3242 790 3284 316.
823 3242 871 3284 C.
902 3266 957 3273 —-
986 3264 1043 3273 —-
1082 3237 1166 3284 ἴδω
1198 3235 1245 3282 δ’
1276 3235 1479 3294 ἐμαυτὸν
1517 3232 1576 3280 οἷς
1614 3233 1869 3290 πολύπους,
1923 3242 1997 3282 vel
2032 3249 2085 3283 ut

471 3316 734 3372 Schweigh.
763 3317 915 3365 edidit.
947 3312 1097 3371 ὥσπερ
1125 3311 1404 3363 ‚rovum-e,
1443 3313 1602 3357 Alcaei
1631 3312 1809 3356 Comici
1837 3326 1933 3355 esse
1962 3313 2087 3356 vide-
