<?xml version="1.0" encoding="UTF-8"?>
<!DOCTYPE html PUBLIC "-//W3C//DTD XHTML 1.0 Transitional//EN"
    "http://www.w3.org/TR/xhtml1/DTD/xhtml1-transitional.dtd">
<html xmlns="http://www.w3.org/1999/xhtml" xml:lang="en" lang="en">
 <head>
  <title>
</title>
<meta http-equiv="Content-Type" content="text/html;charset=utf-8" />
  <meta name='ocr-system' content='tesseract 3.04.00' />
  <meta name='ocr-capabilities' content='ocr_page ocr_carea ocr_par ocr_line ocrx_word'/>
</head>
<body>
  <div class='ocr_page' id='page_1' title='image "./reliquiaecollegi00alcauoft_0022.png"; bbox 0 0 2293 3650; ppageno 0'>
   <div class='ocr_carea' id='block_1_1' title="bbox 1181 215 1223 274">
    <p class='ocr_par' dir='ltr' id='par_1_1' title="bbox 1181 215 1223 274">
     <span class='ocr_line' id='line_1_1' title="bbox 1181 215 1223 274; baseline 0 0"><span class='ocrx_word' id='word_1_1' title='bbox 1181 215 1223 274; x_wconf 89' lang='lat'>8</span> 
     </span>
    </p>
   </div>
   <div class='ocr_carea' id='block_1_2' title="bbox 330 367 2081 2183">
    <p class='ocr_par' dir='ltr' id='par_1_2' title="bbox 330 367 2068 615">
     <span class='ocr_line' id='line_1_2' title="bbox 330 367 2068 446; baseline -0.006 -16"><span class='ocrx_word' id='word_1_2' title='bbox 330 373 945 446; x_wconf 57' lang='lat' dir='ltr'>Baccbyl.{Simonidis,</span> <span class='ocrx_word' id='word_1_3' title='bbox 983 367 1150 419; x_wconf 79' lang='lat' dir='ltr'><em>Alcm.</em></span> <span class='ocrx_word' id='word_1_4' title='bbox 1188 368 1349 418; x_wconf 82' lang='lat' dir='ltr'>Pind·</span> <span class='ocrx_word' id='word_1_5' title='bbox 1419 373 1691 422; x_wconf 79' lang='lat' dir='ltr'><em>Nonnulla</em></span> <span class='ocrx_word' id='word_1_6' title='bbox 1723 375 1890 422; x_wconf 81' lang='lat' dir='ltr'>etiam</span> <span class='ocrx_word' id='word_1_7' title='bbox 1927 372 2068 420; x_wconf 85' lang='lat' dir='ltr'>alio-</span> 
     </span>
     <span class='ocr_line' id='line_1_3' title="bbox 335 455 2065 530; baseline -0.005 -12"><span class='ocrx_word' id='word_1_8' title='bbox 335 486 462 518; x_wconf 85' lang='lat' dir='ltr'>rum.</span> <span class='ocrx_word' id='word_1_9' title='bbox 535 468 666 516; x_wconf 85' lang='lat' dir='ltr'>Cum</span> <span class='ocrx_word' id='word_1_10' title='bbox 712 462 892 509; x_wconf 81' lang='lat' dir='ltr'>latina</span> <span class='ocrx_word' id='word_1_11' title='bbox 933 462 1154 521; x_wconf 83' lang='lat' dir='ltr'><em>interpr.</em></span> <span class='ocrx_word' id='word_1_12' title='bbox 1210 455 1376 520; x_wconf 83' lang='lat' dir='ltr'><em>Apud</em></span> <span class='ocrx_word' id='word_1_13' title='bbox 1405 459 1781 509; x_wconf 78' lang='lat' dir='ltr'>Commelinum</span> <span class='ocrx_word' id='word_1_14' title='bbox 1825 457 1975 530; x_wconf 82' lang='lat'>1598.</span> <span class='ocrx_word' id='word_1_15' title='bbox 2013 455 2065 512; x_wconf 84' lang='lat'>8.</span> 
     </span>
     <span class='ocr_line' id='line_1_4' title="bbox 335 538 1856 615; baseline -0.007 -9"><span class='ocrx_word' id='word_1_16' title='bbox 335 551 486 607; x_wconf 88' lang='lat' dir='ltr'>Vide</span> <span class='ocrx_word' id='word_1_17' title='bbox 525 551 592 603; x_wconf 89' lang='lat' dir='ltr'>de</span> <span class='ocrx_word' id='word_1_18' title='bbox 624 549 726 600; x_wconf 91' lang='lat' dir='ltr'>hac</span> <span class='ocrx_word' id='word_1_19' title='bbox 762 545 886 598; x_wconf 83' lang='lat' dir='ltr'>edit.</span> <span class='ocrx_word' id='word_1_20' title='bbox 917 542 1125 614; x_wconf 86' lang='lat' dir='ltr'>Heynii</span> <span class='ocrx_word' id='word_1_21' title='bbox 1162 538 1344 594; x_wconf 85' lang='lat' dir='ltr'>Praef.</span> <span class='ocrx_word' id='word_1_22' title='bbox 1382 541 1452 594; x_wconf 85' lang='lat' dir='ltr'>ad</span> <span class='ocrx_word' id='word_1_23' title='bbox 1483 543 1642 596; x_wconf 89' lang='lat' dir='ltr'>Pind.</span> <span class='ocrx_word' id='word_1_24' title='bbox 1682 562 1735 615; x_wconf 92' lang='lat' dir='ltr'>p.</span> <span class='ocrx_word' id='word_1_25' title='bbox 1768 543 1856 596; x_wconf 85' lang='lat'>44.</span> 
     </span>
    </p>

    <p class='ocr_par' dir='ltr' id='par_1_3' title="bbox 336 626 2070 883">
     <span class='ocr_line' id='line_1_5' title="bbox 474 626 2070 700; baseline -0.004 -9"><span class='ocrx_word' id='word_1_26' title='bbox 474 637 823 692; x_wconf 78' lang='lat' dir='ltr'>Memoratur</span> <span class='ocrx_word' id='word_1_27' title='bbox 857 637 1021 687; x_wconf 82' lang='lat' dir='ltr'>etiam</span> <span class='ocrx_word' id='word_1_28' title='bbox 1059 629 1194 682; x_wconf 86' lang='lat' dir='ltr'><strong>haec</strong></span> <span class='ocrx_word' id='word_1_29' title='bbox 1241 626 1438 680; x_wconf 71' lang='lat' dir='ltr'>editioz</span> <span class='ocrx_word' id='word_1_30' title='bbox 1489 633 1563 683; x_wconf 81' lang='grc' dir='ltr'>Αῐ</span> <span class='ocrx_word' id='word_1_31' title='bbox 1602 634 1694 682; x_wconf 82' lang='grc' dir='ltr'>τοῦ</span> <span class='ocrx_word' id='word_1_32' title='bbox 1720 629 2070 700; x_wconf 70' lang='grc' dir='ltr'><strong><em>Ἀνακρέοντος</em></strong></span> 
     </span>
     <span class='ocr_line' id='line_1_6' title="bbox 336 712 2069 797; baseline -0.006 -18"><span class='ocrx_word' id='word_1_33' title='bbox 336 725 464 797; x_wconf 80' lang='grc' dir='ltr'><strong><em>ᾠδαὶ</em></strong></span> <span class='ocrx_word' id='word_1_34' title='bbox 510 724 597 778; x_wconf 74' lang='grc' dir='ltr'>καὶ</span> <span class='ocrx_word' id='word_1_35' title='bbox 643 719 706 776; x_wconf 79' lang='grc' dir='ltr'>τὰ</span> <span class='ocrx_word' id='word_1_36' title='bbox 749 725 843 791; x_wconf 82' lang='grc' dir='ltr'>τῆς</span> <span class='ocrx_word' id='word_1_37' title='bbox 890 721 1142 784; x_wconf 79' lang='grc' dir='ltr'><strong><em>Σαπφοῦς</em></strong></span> <span class='ocrx_word' id='word_1_38' title='bbox 1185 715 1271 768; x_wconf 77' lang='grc' dir='ltr'>καὶ</span> <span class='ocrx_word' id='word_1_39' title='bbox 1317 712 1377 768; x_wconf 82' lang='grc' dir='ltr'>τὰ</span> <span class='ocrx_word' id='word_1_40' title='bbox 1424 719 1515 768; x_wconf 77' lang='grc' dir='ltr'>τοῦ</span> <span class='ocrx_word' id='word_1_41' title='bbox 1552 715 1792 772; x_wconf 80' lang='grc' dir='ltr'><strong><em>Ἀλκαίου</em></strong></span> <span class='ocrx_word' id='word_1_42' title='bbox 1833 717 2069 789; x_wconf 73' lang='grc' dir='ltr'><strong><em>λείψανα.</em></strong></span> 
     </span>
     <span class='ocr_line' id='line_1_7' title="bbox 339 803 1449 883; baseline -0.013 -17"><span class='ocrx_word' id='word_1_43' title='bbox 339 813 612 883; x_wconf 86' lang='lat' dir='ltr'>Glasguae</span> <span class='ocrx_word' id='word_1_44' title='bbox 648 829 734 882; x_wconf 85' lang='lat' dir='ltr'>ap.</span> <span class='ocrx_word' id='word_1_45' title='bbox 765 809 972 863; x_wconf 89' lang='lat' dir='ltr'>Foulis.</span> <span class='ocrx_word' id='word_1_46' title='bbox 1011 806 1162 876; x_wconf 78' lang='lat'><strong><em>1757·</em></strong></span> <span class='ocrx_word' id='word_1_47' title='bbox 1206 820 1357 874; x_wconf 83' lang='lat'>1770.</span> <span class='ocrx_word' id='word_1_48' title='bbox 1397 803 1449 858; x_wconf 81' lang='lat'>3.</span> 
     </span>
    </p>

    <p class='ocr_par' dir='ltr' id='par_1_4' title="bbox 339 892 2078 1491">
     <span class='ocr_line' id='line_1_8' title="bbox 479 892 2071 964; baseline -0.003 -14"><span class='ocrx_word' id='word_1_49' title='bbox 479 905 563 952; x_wconf 89' lang='lat' dir='ltr'>De</span> <span class='ocrx_word' id='word_1_50' title='bbox 597 902 797 953; x_wconf 82' lang='lat' dir='ltr'>Alcaeo</span> <span class='ocrx_word' id='word_1_51' title='bbox 827 897 991 964; x_wconf 60' lang='lat' dir='ltr'>polita</span> <span class='ocrx_word' id='word_1_52' title='bbox 1039 897 1229 960; x_wconf 71' lang='grc' dir='ltr'>ζγνίοο,</span> <span class='ocrx_word' id='word_1_53' title='bbox 1292 897 1503 959; x_wconf 74' lang='lat' dir='ltr'>eiusque</span> <span class='ocrx_word' id='word_1_54' title='bbox 1539 892 1876 958; x_wconf 79' lang='lat' dir='ltr'>fragmentis</span> <span class='ocrx_word' id='word_1_55' title='bbox 1915 898 2071 946; x_wconf 86' lang='lat' dir='ltr'>Com-</span> 
     </span>
     <span class='ocr_line' id='line_1_9' title="bbox 341 980 2069 1053; baseline -0.005 -11"><span class='ocrx_word' id='word_1_56' title='bbox 341 1002 492 1041; x_wconf 85' lang='lat' dir='ltr'><em>ment.</em></span> <span class='ocrx_word' id='word_1_57' title='bbox 530 991 719 1053; x_wconf 78' lang='lat' dir='ltr'>prima</span> <span class='ocrx_word' id='word_1_58' title='bbox 753 1016 826 1027; x_wconf 87' lang='lat'>-—</span> <span class='ocrx_word' id='word_1_59' title='bbox 855 1011 929 1022; x_wconf 85' lang='lat'>-—-</span> <span class='ocrx_word' id='word_1_60' title='bbox 968 985 1186 1045; x_wconf 77' lang='lat' dir='ltr'>scripsit</span> <span class='ocrx_word' id='word_1_61' title='bbox 1222 984 1301 1030; x_wconf 82' lang='lat' dir='ltr'>M,</span> <span class='ocrx_word' id='word_1_62' title='bbox 1339 982 1458 1029; x_wconf 77' lang='lat' dir='ltr'><em>Chr.</em></span> <span class='ocrx_word' id='word_1_63' title='bbox 1505 984 1645 1030; x_wconf 73' lang='lat' dir='ltr'><strong><em>Dav.</em></strong></span> <span class='ocrx_word' id='word_1_64' title='bbox 1682 982 1825 1030; x_wconf 81' lang='lat' dir='ltr'><em>Iani.</em></span> <span class='ocrx_word' id='word_1_65' title='bbox 1890 980 2069 1033; x_wconf 81' lang='lat' dir='ltr'>Halae</span> 
     </span>
     <span class='ocr_line' id='line_1_10' title="bbox 345 1065 2075 1145; baseline -0.005 -16"><span class='ocrx_word' id='word_1_66' title='bbox 345 1075 498 1145; x_wconf 78' lang='lat'>1780.</span> <span class='ocrx_word' id='word_1_67' title='bbox 547 1072 600 1125; x_wconf 86' lang='lat'>4.</span> <span class='ocrx_word' id='word_1_68' title='bbox 701 1076 891 1124; x_wconf 88' lang='lat' dir='ltr'>Comm.</span> <span class='ocrx_word' id='word_1_69' title='bbox 944 1072 1135 1120; x_wconf 78' lang='lat' dir='ltr'>altera.</span> <span class='ocrx_word' id='word_1_70' title='bbox 1201 1065 1350 1136; x_wconf 87' lang='lat'>1781.</span> <span class='ocrx_word' id='word_1_71' title='bbox 1447 1070 1640 1119; x_wconf 89' lang='lat' dir='ltr'>Comm.</span> <span class='ocrx_word' id='word_1_72' title='bbox 1696 1072 1862 1118; x_wconf 80' lang='lat' dir='ltr'>tertia</span> <span class='ocrx_word' id='word_1_73' title='bbox 1917 1071 2075 1135; x_wconf 76' lang='grc' dir='ltr'>1782.ι</span> 
     </span>
     <span class='ocr_line' id='line_1_11' title="bbox 342 1152 2073 1224; baseline -0.005 -10"><span class='ocrx_word' id='word_1_74' title='bbox 342 1161 602 1214; x_wconf 86' lang='lat' dir='ltr'>Continet</span> <span class='ocrx_word' id='word_1_75' title='bbox 660 1155 1042 1210; x_wconf 85' lang='lat' dir='ltr'>tantummodo</span> <span class='ocrx_word' id='word_1_76' title='bbox 1101 1152 1297 1224; x_wconf 85' lang='lat' dir='ltr'><strong>fragm.</strong></span> <span class='ocrx_word' id='word_1_77' title='bbox 1357 1152 1422 1205; x_wconf 83' lang='lat' dir='ltr'>ab</span> <span class='ocrx_word' id='word_1_78' title='bbox 1487 1153 2073 1220; x_wconf 80' lang='lat' dir='ltr'>Athenaeo⁸servata,</span> 
     </span>
     <span class='ocr_line' id='line_1_12' title="bbox 341 1239 2078 1313; baseline -0.003 -12"><span class='ocrx_word' id='word_1_79' title='bbox 341 1257 562 1301; x_wconf 84' lang='lat' dir='ltr'>nostrae</span> <span class='ocrx_word' id='word_1_80' title='bbox 611 1245 864 1298; x_wconf 84' lang='lat' dir='ltr'>editionis</span> <span class='ocrx_word' id='word_1_81' title='bbox 913 1243 1112 1313; x_wconf 77' lang='lat' dir='ltr'>fragm.</span> <span class='ocrx_word' id='word_1_82' title='bbox 1157 1241 1260 1295; x_wconf 89' lang='lat' dir='ltr'>IV.</span> <span class='ocrx_word' id='word_1_83' title='bbox 1308 1239 1563 1294; x_wconf 89' lang='lat' dir='ltr'>XXVII.</span> <span class='ocrx_word' id='word_1_84' title='bbox 1600 1240 1801 1293; x_wconf 87' lang='lat' dir='ltr'>XXX.</span> <span class='ocrx_word' id='word_1_85' title='bbox 1844 1242 2078 1296; x_wconf 85' lang='lat' dir='ltr'>XXXI.</span> 
     </span>
     <span class='ocr_line' id='line_1_13' title="bbox 339 1327 2076 1402; baseline -0.005 -14"><span class='ocrx_word' id='word_1_86' title='bbox 339 1333 626 1388; x_wconf 87' lang='lat' dir='ltr'>XXVIII.</span> <span class='ocrx_word' id='word_1_87' title='bbox 684 1337 726 1384; x_wconf 92' lang='grc' dir='ltr'>Ι.</span> <span class='ocrx_word' id='word_1_88' title='bbox 784 1331 1037 1402; x_wconf 79' lang='lat' dir='ltr'>Repetita</span> <span class='ocrx_word' id='word_1_89' title='bbox 1083 1339 1161 1382; x_wconf 90' lang='lat' dir='ltr'>est</span> <span class='ocrx_word' id='word_1_90' title='bbox 1208 1328 1342 1381; x_wconf 83' lang='lat' dir='ltr'><strong>haec</strong></span> <span class='ocrx_word' id='word_1_91' title='bbox 1388 1327 1634 1380; x_wconf 82' lang='lat' dir='ltr'>collectio</span> <span class='ocrx_word' id='word_1_92' title='bbox 1686 1346 1819 1381; x_wconf 88' lang='lat' dir='ltr'>cura</span> <span class='ocrx_word' id='word_1_93' title='bbox 1859 1328 2076 1380; x_wconf 88' lang='lat' dir='ltr'>Theod.</span> 
     </span>
     <span class='ocr_line' id='line_1_14' title="bbox 342 1415 1203 1491; baseline -0.007 -18"><span class='ocrx_word' id='word_1_94' title='bbox 342 1421 434 1475; x_wconf 85' lang='lat' dir='ltr'>Fr.</span> <span class='ocrx_word' id='word_1_95' title='bbox 476 1421 694 1491; x_wconf 85' lang='lat' dir='ltr'>Stange.</span> <span class='ocrx_word' id='word_1_96' title='bbox 749 1419 929 1472; x_wconf 73' lang='lat' dir='ltr'>Halae</span> <span class='ocrx_word' id='word_1_97' title='bbox 963 1417 1113 1472; x_wconf 77' lang='lat'>1310.</span> <span class='ocrx_word' id='word_1_98' title='bbox 1155 1415 1203 1470; x_wconf 84' lang='lat'>8.</span> 
     </span>
    </p>

    <p class='ocr_par' dir='ltr' id='par_1_5' title="bbox 342 1500 2081 2183">
     <span class='ocr_line' id='line_1_15' title="bbox 486 1500 2079 1576; baseline -0.003 -17"><span class='ocrx_word' id='word_1_99' title='bbox 486 1508 741 1560; x_wconf 82' lang='lat' dir='ltr'>Tandem</span> <span class='ocrx_word' id='word_1_100' title='bbox 803 1525 981 1576; x_wconf 85' lang='lat' dir='ltr'><strong>nuper</strong></span> <span class='ocrx_word' id='word_1_101' title='bbox 1041 1503 1237 1558; x_wconf 83' lang='lat' dir='ltr'><strong>Alcaei</strong></span> <span class='ocrx_word' id='word_1_102' title='bbox 1294 1500 1605 1571; x_wconf 82' lang='lat' dir='ltr'>fragmenta</span> <span class='ocrx_word' id='word_1_103' title='bbox 1666 1502 1848 1555; x_wconf 85' lang='lat' dir='ltr'>denuo</span> <span class='ocrx_word' id='word_1_104' title='bbox 1907 1503 2079 1556; x_wconf 81' lang='lat' dir='ltr'><strong>edidit</strong></span> 
     </span>
     <span class='ocr_line' id='line_1_16' title="bbox 346 1589 2079 1659; baseline -0.005 -11"><span class='ocrx_word' id='word_1_105' title='bbox 346 1595 472 1648; x_wconf 86' lang='lat' dir='ltr'>Car.</span> <span class='ocrx_word' id='word_1_106' title='bbox 534 1595 642 1647; x_wconf 78' lang='lat' dir='ltr'>Iac,</span> <span class='ocrx_word' id='word_1_107' title='bbox 698 1591 992 1646; x_wconf 83' lang='lat' dir='ltr'>Blomfield</span> <span class='ocrx_word' id='word_1_108' title='bbox 1055 1592 1114 1643; x_wconf 89' lang='lat' dir='ltr'>in</span> <span class='ocrx_word' id='word_1_109' title='bbox 1165 1592 1350 1641; x_wconf 86' lang='lat' dir='ltr'>Musei</span> <span class='ocrx_word' id='word_1_110' title='bbox 1405 1590 1578 1642; x_wconf 78' lang='lat' dir='ltr'>critici</span> <span class='ocrx_word' id='word_1_111' title='bbox 1627 1589 1942 1659; x_wconf 80' lang='lat' dir='ltr'>Cantabrig.</span> <span class='ocrx_word' id='word_1_112' title='bbox 1991 1609 2079 1642; x_wconf 86' lang='lat' dir='ltr'>nr.</span> 
     </span>
     <span class='ocr_line' id='line_1_17' title="bbox 342 1675 2078 1745; baseline -0.002 -11"><span class='ocrx_word' id='word_1_113' title='bbox 342 1683 444 1734; x_wconf 91' lang='lat' dir='ltr'>III.</span> <span class='ocrx_word' id='word_1_114' title='bbox 478 1681 566 1745; x_wconf 67' lang='grc'>16)</span> <span class='ocrx_word' id='word_1_115' title='bbox 650 1681 737 1732; x_wconf 90' lang='lat' dir='ltr'>De</span> <span class='ocrx_word' id='word_1_116' title='bbox 805 1680 907 1730; x_wconf 85' lang='lat' dir='ltr'>hac</span> <span class='ocrx_word' id='word_1_117' title='bbox 957 1677 1197 1729; x_wconf 77' lang='lat' dir='ltr'>editione</span> <span class='ocrx_word' id='word_1_118' title='bbox 1246 1676 1395 1728; x_wconf 87' lang='lat' dir='ltr'>idem</span> <span class='ocrx_word' id='word_1_119' title='bbox 1442 1675 1583 1727; x_wconf 82' lang='lat' dir='ltr'>mihi</span> <span class='ocrx_word' id='word_1_120' title='bbox 1630 1675 1924 1728; x_wconf 85' lang='lat' dir='ltr'>dicendum</span> <span class='ocrx_word' id='word_1_121' title='bbox 1980 1687 2078 1742; x_wconf 92' lang='lat' dir='ltr'>est,</span> 
     </span>
     <span class='ocr_line' id='line_1_18' title="bbox 346 1760 2081 1839; baseline -0.002 -19"><span class='ocrx_word' id='word_1_122' title='bbox 346 1768 494 1839; x_wconf 86' lang='lat' dir='ltr'>quod</span> <span class='ocrx_word' id='word_1_123' title='bbox 541 1767 609 1819; x_wconf 91' lang='lat' dir='ltr'>de</span> <span class='ocrx_word' id='word_1_124' title='bbox 644 1764 1014 1838; x_wconf 81' lang='lat' dir='ltr'>Stephaniana</span> <span class='ocrx_word' id='word_1_125' title='bbox 1053 1763 1191 1815; x_wconf 77' lang='lat' dir='ltr'>dixit</span> <span class='ocrx_word' id='word_1_126' title='bbox 1228 1762 1486 1814; x_wconf 75' lang='lat' dir='ltr'>Ursinus,</span> <span class='ocrx_word' id='word_1_127' title='bbox 1578 1760 1769 1829; x_wconf 84' lang='lat' dir='ltr'><strong>Quum</strong></span> <span class='ocrx_word' id='word_1_128' title='bbox 1808 1764 1955 1815; x_wconf 88' lang='lat' dir='ltr'>enim</span> <span class='ocrx_word' id='word_1_129' title='bbox 1993 1764 2081 1816; x_wconf 86' lang='lat' dir='ltr'>vi-</span> 
     </span>
     <span class='ocr_line' id='line_1_19' title="bbox 346 1847 2077 1921; baseline -0.003 -12"><span class='ocrx_word' id='word_1_130' title='bbox 346 1856 561 1916; x_wconf 85' lang='lat' dir='ltr'>derem,</span> <span class='ocrx_word' id='word_1_131' title='bbox 612 1854 785 1905; x_wconf 80' lang='lat' dir='ltr'>multa</span> <span class='ocrx_word' id='word_1_132' title='bbox 834 1851 894 1901; x_wconf 84' lang='lat' dir='ltr'>in</span> <span class='ocrx_word' id='word_1_133' title='bbox 943 1868 1006 1901; x_wconf 85' lang='lat' dir='ltr'>ea</span> <span class='ocrx_word' id='word_1_134' title='bbox 1052 1848 1252 1900; x_wconf 86' lang='lat' dir='ltr'>omissa</span> <span class='ocrx_word' id='word_1_135' title='bbox 1300 1866 1440 1912; x_wconf 88' lang='lat' dir='ltr'>esse,</span> <span class='ocrx_word' id='word_1_136' title='bbox 1500 1847 1659 1900; x_wconf 82' lang='lat' dir='ltr'>etiarn</span> <span class='ocrx_word' id='word_1_137' title='bbox 1697 1868 1766 1901; x_wconf 87' lang='lat' dir='ltr'>ex</span> <span class='ocrx_word' id='word_1_138' title='bbox 1800 1850 1892 1913; x_wconf 85' lang='lat' dir='ltr'>iis,</span> <span class='ocrx_word' id='word_1_139' title='bbox 1936 1871 2077 1921; x_wconf 81' lang='lat' dir='ltr'>quae</span> 
     </span>
     <span class='ocr_line' id='line_1_20' title="bbox 343 1935 2078 2001; baseline -0.001 -6"><span class='ocrx_word' id='word_1_140' title='bbox 343 1941 457 1995; x_wconf 84' lang='lat' dir='ltr'>iam</span> <span class='ocrx_word' id='word_1_141' title='bbox 492 1939 728 1992; x_wconf 84' lang='lat' dir='ltr'>Ursinus</span> <span class='ocrx_word' id='word_1_142' title='bbox 769 1937 1008 2001; x_wconf 83' lang='lat' dir='ltr'><strong>dederat,</strong></span> <span class='ocrx_word' id='word_1_143' title='bbox 1043 1936 1241 1989; x_wconf 72' lang='lat' dir='ltr'>multas</span> <span class='ocrx_word' id='word_1_144' title='bbox 1278 1935 1443 1986; x_wconf 76' lang='lat' dir='ltr'>etiam</span> <span class='ocrx_word' id='word_1_145' title='bbox 1468 1935 1742 1988; x_wconf 83' lang='lat' dir='ltr'>Virorum</span> <span class='ocrx_word' id='word_1_146' title='bbox 1781 1937 2078 1994; x_wconf 83' lang='lat' dir='ltr'>doctorum</span> 
     </span>
     <span class='ocr_line' id='line_1_21' title="bbox 345 2022 2078 2097; baseline -0.004 -17"><span class='ocrx_word' id='word_1_147' title='bbox 345 2029 651 2080; x_wconf 79' lang='lat' dir='ltr'>notationes</span> <span class='ocrx_word' id='word_1_148' title='bbox 691 2025 987 2095; x_wconf 78' lang='lat' dir='ltr'>neglectaS‚</span> <span class='ocrx_word' id='word_1_149' title='bbox 1024 2042 1222 2095; x_wconf 83' lang='lat' dir='ltr'>operae</span> <span class='ocrx_word' id='word_1_150' title='bbox 1255 2022 1498 2093; x_wconf 83' lang='lat' dir='ltr'>pretium</span> <span class='ocrx_word' id='word_1_151' title='bbox 1532 2041 1620 2074; x_wconf 88' lang='lat' dir='ltr'>me</span> <span class='ocrx_word' id='word_1_152' title='bbox 1659 2023 1930 2078; x_wconf 74' lang='lat' dir='ltr'>facturum</span> <span class='ocrx_word' id='word_1_153' title='bbox 1970 2046 2078 2097; x_wconf 87' lang='lat' dir='ltr'>pu..</span> 
     </span>
     <span class='ocr_line' id='line_1_22' title="bbox 345 2111 2075 2183; baseline -0.001 -15"><span class='ocrx_word' id='word_1_154' title='bbox 345 2117 474 2178; x_wconf 69' lang='lat' dir='ltr'>iavi,</span> <span class='ocrx_word' id='word_1_155' title='bbox 511 2115 554 2167; x_wconf 84' lang='lat' dir='ltr'>si</span> <span class='ocrx_word' id='word_1_156' title='bbox 584 2133 666 2177; x_wconf 83' lang='lat' dir='ltr'>ea,</span> <span class='ocrx_word' id='word_1_157' title='bbox 705 2132 842 2183; x_wconf 81' lang='lat' dir='ltr'>quae</span> <span class='ocrx_word' id='word_1_158' title='bbox 877 2112 988 2164; x_wconf 86' lang='lat' dir='ltr'>iam</span> <span class='ocrx_word' id='word_1_159' title='bbox 1018 2112 1227 2163; x_wconf 85' lang='lat' dir='ltr'><strong>dudum</strong></span> <span class='ocrx_word' id='word_1_160' title='bbox 1255 2111 1478 2162; x_wconf 85' lang='lat' dir='ltr'>collecta</span> <span class='ocrx_word' id='word_1_161' title='bbox 1501 2111 1807 2174; x_wconf 82' lang='lat' dir='ltr'>servabam,</span> <span class='ocrx_word' id='word_1_162' title='bbox 1836 2114 2075 2171; x_wconf 83' lang='lat' dir='ltr'>ederem.</span> 
     </span>
    </p>
   </div>
   <div class='ocr_carea' id='block_1_3' title="bbox 346 2248 688 2262">
    <p class='ocr_par' dir='ltr' id='par_1_6' title="bbox 346 2248 688 2262">
     <span class='ocr_line' id='line_1_23' title="bbox 346 2248 688 2262; baseline 0 1388"><span class='ocrx_word' id='word_1_163' title='bbox 346 2248 688 2262; x_wconf 95' lang='lat' dir='ltr'> </span> 
     </span>
    </p>
   </div>
   <div class='ocr_carea' id='block_1_4' title="bbox 408 2322 2072 2456">
    <p class='ocr_par' dir='ltr' id='par_1_7' title="bbox 408 2322 2072 2456">
     <span class='ocr_line' id='line_1_24' title="bbox 408 2322 2072 2381; baseline 0.001 -12"><span class='ocrx_word' id='word_1_164' title='bbox 408 2326 477 2381; x_wconf 76' lang='lat'>10)</span> <span class='ocrx_word' id='word_1_165' title='bbox 509 2328 720 2370; x_wconf 78' lang='lat' dir='ltr'>translata</span> <span class='ocrx_word' id='word_1_166' title='bbox 748 2325 853 2368; x_wconf 83' lang='lat' dir='ltr'>inde</span> <span class='ocrx_word' id='word_1_167' title='bbox 882 2339 906 2366; x_wconf 87' lang='lat' dir='ltr'>a</span> <span class='ocrx_word' id='word_1_168' title='bbox 935 2322 1195 2368; x_wconf 70' lang='lat' dir='ltr'>Gaissordio</span> <span class='ocrx_word' id='word_1_169' title='bbox 1214 2325 1264 2366; x_wconf 86' lang='lat' dir='ltr'>in</span> <span class='ocrx_word' id='word_1_170' title='bbox 1291 2324 1463 2364; x_wconf 68' lang='lat' dir='ltr'>Foe&#39;tas</span> <span class='ocrx_word' id='word_1_171' title='bbox 1491 2325 1690 2366; x_wconf 85' lang='lat' dir='ltr'>minores</span> <span class='ocrx_word' id='word_1_172' title='bbox 1719 2337 1903 2381; x_wconf 83' lang='lat' dir='ltr'>graecos</span> <span class='ocrx_word' id='word_1_173' title='bbox 1935 2327 2072 2373; x_wconf 85' lang='lat' dir='ltr'>Tom.</span> 
     </span>
     <span class='ocr_line' id='line_1_25' title="bbox 459 2397 1118 2456; baseline -0.006 -11"><span class='ocrx_word' id='word_1_174' title='bbox 459 2402 547 2445; x_wconf 84' lang='lat'>111.</span> <span class='ocrx_word' id='word_1_175' title='bbox 575 2414 621 2456; x_wconf 88' lang='lat' dir='ltr'>p.</span> <span class='ocrx_word' id='word_1_176' title='bbox 654 2402 734 2456; x_wconf 86' lang='lat'>9¹5</span> <span class='ocrx_word' id='word_1_177' title='bbox 763 2413 862 2455; x_wconf 80' lang='lat' dir='ltr'>sqq.</span> <span class='ocrx_word' id='word_1_178' title='bbox 893 2398 961 2441; x_wconf 88' lang='lat' dir='ltr'>ed.</span> <span class='ocrx_word' id='word_1_179' title='bbox 994 2397 1118 2453; x_wconf 75' lang='lat' dir='ltr'>Lips-</span> 
     </span>
    </p>
   </div>
  </div>
 </body>
</html>
