2293 3650
1215 241 1300 300 72

537 396 777 452 Videtur
790 392 896 447 hoc
915 390 985 447 fr.
998 391 1066 445 ad
1089 389 1151 447 τοὶ
1169 389 1600 464 ὅιχοστασιαστικᾶ
1622 393 1976 449 referendum
1993 413 2121 458 esse,

407 498 458 541 et
497 485 557 540 in
593 504 659 537 eo
695 481 933 536 Alcaeus
974 480 1151 533 socios
1198 481 1378 533 exsilii
1422 489 1473 531 et
1514 479 1876 547 navigationis
1920 481 2124 534 adhor-

402 583 568 628 tassus
605 587 747 633 esse,
782 576 845 621 ut
872 584 1039 620 naves
1070 568 1525 630 conscenderent,
1565 564 1697 617 dum
1730 565 2005 637 placidum
2039 587 2127 621 es-

402 668 483 713 set
518 676 691 712 mare.

539 756 752 813 XCIV.
781 775 827 812 c.
876 756 958 809 Id.
996 774 1048 827 p.
1084 773 1167 822 27,
1206 774 1256 824 7.
1292 755 1384 808 ubi
1421 756 1489 809 de
1526 773 1644 808 voc.
1682 756 1886 808 ἐκεῖθεν
1911 757 2047 827 agit:
2093 755 2119 812 ὃ

402 849 524 919 γοῦν
551 845 787 906 Ἀλκαῖος
821 844 1057 897 κείνοθεν
1095 843 1227 895 ἔστιν
1263 838 1394 896 ὅπου
1432 838 1727 910 ἀπεφήνατο
1764 841 1822 895 τὸ
1857 839 2010 896 αὐτό·
2057 850 2124 898 αῖ

404 931 516 1004 γὰρ
549 932 597 986 κ’
639 929 927 985 ἄλλοθεν
966 927 1139 999 ἔλθη
1177 928 1240 982 δὲ
1278 927 1687 999 φοικήνοθεν
1721 924 2038 996 ἔμμεναι.Υ

545 1021 611 1072 In
658 1036 794 1072 voce
855 1011 1166 1085 φοικήνοθεν
1213 1016 1383 1070 latere
1429 1018 1662 1068 κείνοθεν
1724 1015 1904 1086 quivis
1956 1016 2123 1072 videt.

403 1106 490 1159 De
528 1106 753 1176 reliquis
791 1105 921 1175 quid
961 1103 1185 1167 faciam,
1246 1122 1359 1155 non
1407 1103 1598 1156 habeo.
1681 1102 1807 1158 An:
1854 1108 1907 1157 αἰ
1942 1101 2029 1173 γὰρ
2065 1103 2126 1160 κ’,

401 1190 626 1244 ἂλλοθεν
651 1194 821 1260 ἔλθῃ,
857 1191 935 1245 δεῖ
971 1194 1019 1245 οῖ
1055 1191 1221 1259 (ἴοι)
1258 1193 1492 1244 κείνοθεν
1517 1193 1745 1260 ἐξαμειάι,
1784 1209 1857 1243 sc.
1891 1190 1953 1244 τὰ
1986 1188 2123 1246 ὅπλα

402 1282 491 1334 vel
523 1278 700 1332 simile
734 1278 881 1349 quid.

541 1380 755 1435 XCIV.
782 1380 833 1432 d.
885 1379 1040 1432 Idem
1078 1398 1131 1452 p.
1168 1379 1252 1436 54.
1287 1391 1425 1434 extr.
1464 1391 1517 1434 et
1548 1381 1636 1446 55,
1679 1399 1721 1434 1.
1760 1382 1868 1435 ἐπὶ
1903 1379 2016 1452 γὰρ
2040 1378 2117 1436 ’τό

403 1463 606 1540 πάρος
644 1463 951 1535 ὄνειαρὸν
986 1469 1300 1532 ἱκνεῖται,
1343 1467 1594 1528 Ἀλκαῖος
1629 1472 1766 1536 φησί.

541 1553 813 1608 Vocabuli
847 1547 1004 1622 πάρος
1034 1554 1280 1625 priorem
1307 1555 1575 1625 syllabam
1599 1554 1832 1625 produci
1866 1556 1990 1605 κατά
2011 1553 2123 1606 διεὶς

400 1641 575 1695 Rem-ov
609 1641 815 1694 ibidem
847 1649 1037 1692 monet
1073 1640 1441 1692 Herodianus,
1504 1635 1727 1707 ὀνειαρόν
1757 1639 1976 1693 videtur
2007 1658 2123 1694 esse

400 1728 467 1782 ab
506 1727 669 1796 ὄνειαρ
704 1728 957 1792 ductum,
998 1731 1125 1780 utile
1165 1729 1254 1781 vel
1288 1730 1586 1779 iucundum.

540 1830 753 1885 XClV.
782 1850 829 1885 e.
892 1831 1027 1884 Ibid.
1079 1851 1132 1885 v.
1178 1836 1256 1884 15.
1309 1831 1452 1882 inter
1486 1830 1750 1882 vocabula
1788 1828 2050 1899 disyllaba
2088 1851 2123 1882 α

401 1916 602 1989 prioris
638 1917 877 1986 syllabae
915 1917 1083 1969 breve
1121 1917 1375 1970 habentia
1408 1914 1580 1968 refert
1619 1913 1819 1983 μάθοςι
1860 1915 2092 1978 Ἀλκαῖος
2107 1936 2123 1974 ·,

397 2004 793 2071 ἀππατέρων
831 1999 1062 2071 μάθος.

538 2091 720 2142 Locus
766 2108 817 2161 p.
854 2090 952 2148 44,
995 2106 1075 2144 10.
1115 2089 1182 2142 de
1219 2107 1335 2142 voc.
1373 2090 1524 2152 πιέζω
1561 2089 1779 2142 videtur
1816 2087 2122 2157 AlcmaniS,

400 2194 512 2227 non
549 2176 773 2239 Alcaei,
810 2194 953 2228 esse:
990 2177 1292 2247 προσέθηκα
1327 2173 1380 2227 δὲ
1417 2177 1501 2229 καὶ
1537 2175 1620 2238 τὰς·
1656 2172 1968 2240 διαλέκτους,
2008 2179 2123 2232 ἐπεὶ

398 2261 520 2329 παρ’
563 2261 795 2332 ’Λλκαίῳ
851 2262 993 2333 διχῶς
1046 2259 1240 2333 λέγεται
1296 2259 1482 2330 (πιὲζω
1533 2274 1585 2316 et
1633 2262 1828 2329 πιάζω)
1885 2262 2022 2333 παρὰ
2064 2263 2122 2318 δὲ

387 2347 644 2416 Ἀλκμᾶνι
676 2349 756 2403 διὰ
788 2354 878 2402 τοῦ
913 2356 970 2402 ἄ·
1036 2355 1113 2420 τῷ
1152 2349 1215 2402 δὲ
1251 2347 1638 2417 σκομῦνθεα
1684 2349 1821 2401 κατ’
1863 2371 1935 2402 αν
1973 2351 2122 2420 κάβ-

398 2456 512 2504 ραν
548 2432 764 2505 μάβως
800 2437 1041 2501 ἐπιάζε.
1114 2437 1236 2489 Hoc
1265 2437 1447 2507 itaque
1470 2437 1780 2489 WVelckero
1811 2438 2120 2492 sanandum

395 2524 666 2594 relinquo.

535 2610 630 2664 Ad
653 2606 864 2678 singula
894 2608 1155 2662 vocabula
1184 2608 1421 2681 pertinet
1444 2608 1593 2660 locus
1616 2608 1826 2661 Herod.
1866 2629 1920 2681 Ρ.
1948 2609 2033 2674 24,
2064 2609 2118 2664 6.

399 2700 448 2750 οῖ
485 2695 573 2768 γὰρ
609 2698 726 2768 περὶ
749 2695 1004 2750 Ἀλκαῖον
1038 2693 1154 2751 hwa
1190 2693 1389 2766 λέγουσι
1423 2692 1789 2766 τρισυλλάβως,
1829 2716 1930 2770 pro
1964 2695 2092 2750 οῖδα.

2264 549 2273 695 ἰ

2284 3387 2293 3531 ξ

2286 3585 2293 3650 1
