2293 3650
349 384 533 442 σταλία
579 383 704 438 κατὰ
749 383 956 450 ποίησιν
999 375 1187 448 νάμασι
1233 379 1320 434 καὶ
1361 379 1629 450 Κηφισσὸς
1674 385 1826 456 μέγας
1872 385 2069 455 αἴρεται

346 468 619 543 πορφύρων
650 476 760 532 τοῖς
789 468 1004 535 κύμασι,
1037 466 1126 522 τὸν
1140 467 1353 522 Ἐνιπέα
1387 473 1477 522 τοῦ
1497 467 1717 539 Ὁμήρου
1752 469 2070 540 μιμούμενος.

345 556 581 622 Βιάζεται
625 555 717 626 μὲν
762 556 851 626 γιὶρ
886 555 1127 618 ’Λλκαῖος
1173 552 1356 622 ὁμοίως
1392 553 1589 626 Ὁμήρῳ
1635 559 1721 612 καὶ
1766 558 1898 630 ὕδωρ
1934 565 2074 615 θεῶν

343 646 615 710 ἐπιδημίαν
648 646 940 698 αἰσθέσθαι
975 639 1260 712 δυνάμενον.
1341 637 1451 713 Ἆρ’
1495 643 1583 716 οὗχ
1621 648 1803 710 ἱκανῶς
1834 645 1956 717 ὑμῖν
1994 649 2072 702 δο-

342 739 422 786 κεῖ
457 730 713 786 λελύσθαι
749 729 807 785 τὸ
844 731 1067 802 ἔγκλημα
1104 753 1149 783 κ.
1186 754 1232 784 τ.
1269 728 1316 784 λ.

484 821 574 874 Ex
620 820 726 874 hoc
770 820 894 873 loco
941 820 1188 892 primum
1233 819 1511 875 Alcaeum
1559 837 1761 891 cycnos
1806 820 2075 876 addidisse

343 905 601 979 Apollini
646 917 701 959 et
734 907 1135 979 Hyperboreos
1172 917 1320 961 recte
1357 907 1575 976 collegit
1623 907 1665 961 Ι.
1713 907 1791 960 H.
1827 906 2076 974 Vossius,

344 993 776 1065 repugnantibus
813 995 947 1058 aliis,
983 995 1093 1065 qui,
1131 1004 1191 1046 ut
1220 993 1456 1062 quidque
1484 996 1551 1046 ad
1591 995 1828 1048 rationes
1854 994 2078 1066 symbo-

342 1081 471 1132 licas
508 1082 911 1134 accommodari
943 1101 1101 1153 posse
1137 1081 1384 1143 videtur,
1419 1080 1494 1132 ita
1531 1080 1669 1132 illud
1707 1099 1923 1136 cascum
1960 1093 2077 1144 (ur.-

346 1171 450 1230 alt)
487 1186 598 1220 esse
636 1168 847 1233 dicunt,
883 1188 1219 1240 quamquam
1255 1187 1287 1222 a
1321 1166 1621 1221 serim-ibus
1660 1168 1886 1223 demum
1923 1188 2079 1223 com-

343 1265 733 1308 memoratum.

483 1350 706 1407 XVIII.
741 1351 912 1404 faus.
948 1352 1027 1406 X.
1063 1370 1120 1424 p.
1149 1351 1274 1420 817.
1308 1349 1501 1420 ἤκουσα
1539 1349 1595 1404 δὲ
1629 1350 1714 1404 καὶ
1748 1347 1874 1404 ἄλλο
1912 1349 2082 1406 τοιόν-

342 1434 424 1492 δε·
487 1432 547 1490 τὸ
593 1433 728 1509 ὕδωρ
765 1444 834 1510 τῇ
870 1439 1141 1511 Κασταλίᾳ
1183 1444 1414 1505 ποταμοῦ
1457 1440 1618 1508 δῶρον
1670 1438 1796 1492 εἶναι
1833 1443 1923 1492 τοῦ
1960 1444 2081 1509 Κη-

343 1526 540 1589 φισσοῢ.
602 1529 756 1579 τοῦτο
809 1529 1018 1597 ἐποίησε
1067 1526 1152 1580 καὶ
1200 1525 1445 1589 Ἀλκαῖος
1493 1528 1551 1580 ἐν
1594 1529 1840 1597 προοιμίῳ
1890 1530 1962 1596 τῷ
2011 1530 2082 1590 εἰς

345 1607 667 1664 Ἀπόλλωνα.

483 1698 673 1752 Ursin.
711 1716 765 1770 p.
808 1715 929 1771 109.

481 1794 650 1850 XIX1.
688 1796 967 1850 Plutarch.
1007 1796 1077 1850 de
1107 1813 1248 1848 mus.
1284 1793 1354 1846 Τ.
1397 1793 1469 1842 II.
1505 1811 1562 1866 p.
1592 1793 1744 1848 1135.
1781 1796 1849 1852 F.
1888 1798 1980 1868 (T.
2010 1796 2082 1853 V.

344 1881 547 1953 p1644.
586 1883 672 1935 ed.
693 1883 915 1953 WVytt.)
956 1882 1014 1936 οὗ
1052 1877 1182 1949 μόνη
1218 1879 1275 1933 δὲ
1314 1876 1510 1948 κιθάρα
1547 1879 1900 1947 Ἀπόλλωνος,
1949 1885 2080 1941 ἄλλα

341 1971 426 2022 καὶ
462 1966 738 2037 αὐλητικῆς
772 1971 856 2021 καὶ
890 1971 1249 2039 κιθαριστικῆς
1283 1964 1487 2034 εὗρετὴς
1525 1967 1550 2022 ὃ
1590 1970 1735 2034 θεός.
1818 1971 1993 2039 Δῆλον
2026 1973 2083 2026 δὲ

342 2058 400 2108 ἐκ
436 2059 536 2109 τῶν
580 2060 740 2125 χορῶν
788 2056 875 2110 καὶ
921 2060 1021 2108 τῶν
1067 2058 1294 2118 θυσιῶν,
1357 2054 1417 2116 ἃς
1446 2061 1701 2127 προσῆγον
1736 2057 1860 2126 μετὰ
1911 2059 2083 2113 αὐλῶν

341 2147 412 2212 τῷ
447 2146 580 2211 θεῷ’,
611 2139 853 2214 καθάπερ
890 2141 1037 2197 ἄλλοι
1072 2165 1128 2197 τε
1167 2144 1254 2197 καὶ
1291 2141 1535 2206 Ἀλκαῖος
1569 2145 1625 2198 ἔν
1659 2165 1758 2199 τινι
1792 2150 1892 2200 τῶν
1918 2143 2085 2215 ὕμνων

341 2232 549 2297 ἱστορεῖ.

483 2315 674 2371 Ursin.
711 2335 766 2389 p.
810 2332 924 2372 110.

481 2429 626 2485 XX.
660 2430 748 2483 Ex
783 2428 892 2483 hoc
925 2429 1137 2500 hymno
1174 2438 1420 2484 sumtum
1457 2451 1573 2486 esse
1597 2432 1848 2506 suspicor
1882 2433 2079 2507 fragm.

344 2536 432 2589 ap.
467 2515 772 2589 Hephaest.
808 2536 864 2589 p.
897 2516 986 2569 46.
1028 2515 1139 2582 (80.
1173 2516 1377 2580 Gaisf.)

624 2598 664 2658 ὦ
705 2604 817 2665 ’ναξ
853 2600 1161 2669 ”Audiam
1212 2612 1311 2658 παῖ
1351 2603 1544 2677 μεγάλω
1580 2603 1704 2670 Διός

342 2690 594 2760 quamvis
640 2691 886 2746 Alcaeus
934 2701 1127 2746 auctor
1163 2711 1277 2746 non
1317 2695 1518 2748 discite
1553 2697 1838 2768 piodatur.
1931 2697 2082 2753 Vide

342 2778 533 2833 Ursin.
570 2799 622 2853 p.
664 2778 778 2833 104.
852 2777 1058 2834 Blomf.
1096 2799 1182 2833 nr.
1220 2779 1323 2834 VI.

1009 2911 1059 2949 2.
1105 2897 1177 2956 εἷς
1203 2892 1409 2967 Ἑρμῆν.

482 2979 653 3036 ΧΧῘ.
707 2981 866 3037 Paus,
904 2981 1036 3037 VII.
1072 3000 1125 3053 p.
1162 2982 1282 3049 574.
1331 2984 1483 3053 βουσὶ
1519 2981 1606 3054 γὰρ
1641 2986 1830 3055 χαίρειν
1862 2978 2078 3051 μάλιστα

342 3061 646 3121 Ἀπόλλωνα
692 3066 935 3132 Ἀλκαῖός
983 3092 1039 3125 τε
1079 3064 1331 3138 ἐδήλωσεν
1374 3074 1430 3125 ἐν
1474 3067 1612 3140 ὕμνῳ
1664 3076 1736 3140 τῷ
1783 3075 1853 3133 εἷς
1888 3069 2078 3142 Ἑρμῆν

340 3151 568 3223 γράψας,
615 3152 681 3217 ὧς
718 3153 744 3208 ὃ
776 3154 966 3228 τΕρμῆς
1001 3160 1127 3229 βοῦς
1162 3154 1404 3225 ὑφέλοιτο
1442 3163 1535 3212 τοῦ
1569 3155 1914 3220 Ἀπόλλωνος.

482 3236 673 3297 Ursin.
708 3262 763 3316 p.
808 3262 927 3317 109.
1011 3245 1102 3299 Ex
1135 3244 1346 3301 Alcaeo
1384 3267 1610 3301 carmen
1643 3246 1866 3300 Horatii
1899 3247 1950 3314 Ι,
1991 3261 2076 3310 10.

343 3343 662 3398 expressum
687 3350 802 3385 esse
827 3331 986 3386 docet
1009 3332 1413 3408 Porphyrionis
1436 3335 1717 3390 scholionz
1747 3338 1986 3402 IIymnus
2017 3339 2074 3387 in
