2293 3650
1236 223 1277 279 2

387 392 569 437 tacum
609 379 772 432 etiam
811 383 864 428 et
899 375 1066 428 armis
1103 381 1157 426 et
1192 373 1452 427 conviciis
1504 394 1784 448 aggressus
1834 386 1914 431 est
1975 377 2119 443 (vid.

385 469 457 523 fr.
492 467 569 521 V.
605 464 767 528 VI.);
821 481 851 514 a
898 480 1005 530 quo
1051 479 1178 514 eum
1214 460 1503 530 aliquando
1540 473 1785 535 captum,
1820 466 1913 518 sed
1962 464 2120 518 inco-

385 557 595 610 lumem
657 549 943 602 dimissum
1007 557 1329 602 narraverat
1385 549 1699 603 Heraclitus
1736 551 1816 614 ⁶).
1921 552 2121 622 Neque

386 661 520 695 vero
574 648 842 710 tyrannos
889 637 1175 689 insectatus
1232 655 1344 687 esse
1395 635 1614 689 videtur
1650 637 1888 690 Alcaeus
1948 641 2122 692 liber-

385 728 509 781 tatis
554 743 720 779 verae
767 723 983 776 sincero
1036 743 1226 776 amore
1261 723 1543 776 incensus:
1605 742 1732 776 nam
1779 743 1880 776 nec
1914 725 2121 779 Pittaco

386 815 673 887 quisquam
721 819 987 883 potestate
1034 811 1097 862 ad
1146 829 1203 863 se
1262 811 1437 863 delata
1487 809 1823 862 moderatius
1878 831 2122 883 unquam

385 922 515 957 usus
553 909 664 963 est,
724 898 817 967 qui
853 898 1159 970 imperium
1209 918 1309 970 per
1343 899 1530 950 decem
1569 906 1783 950 tantum
1809 917 1988 951 annos
2032 919 2125 952 re-

386 989 574 1051 tinuit,
631 985 914 1057 republica
953 985 1201 1037 ordinata
1238 995 1430 1055 sponte
1470 985 1749 1057 deposuit,
1797 994 1850 1036 et
1887 985 2124 1040 Alcaeus

383 1079 500 1149 ipse
538 1094 569 1127 a
601 1093 796 1127 rerum
832 1091 1104 1124 novarum
1144 1072 1323 1123 studio
1363 1090 1473 1129 non
1516 1071 1845 1125 abhorrebat
1871 1075 1947 1136 ⁷).

528 1162 697 1232 Quod
747 1160 1014 1214 Horatius
1066 1159 1133 1212 de
1180 1158 1402 1210 Lucilio
1454 1159 1557 1222 ait,
1615 1159 1774 1211 illum
1815 1163 1963 1210 velut
1983 1163 2123 1224 fidis

388 1270 596 1303 arcana
644 1252 918 1299 sodalibus
976 1251 1102 1297 olim
1151 1248 1306 1296 libris
1353 1249 1666 1306 credidisse,
1729 1267 1829 1314 quo
1884 1249 2124 1312 factum,

386 1353 446 1390 ut
480 1342 648 1389 omnis
683 1341 804 1387 vita
841 1339 979 1385 senis
1014 1337 1178 1384 veluti
1222 1339 1408 1384 votiva
1457 1336 1728 1399 descripta
1776 1336 1976 1383 tabella
2016 1354 2129 1400 pa-

386 1438 521 1477 teret
550 1423 631 1495 ⁸),
670 1422 819 1475 idem
859 1421 926 1474 de
951 1420 1160 1474 Alcaeo
1201 1439 1270 1472 ex
1297 1409 1858 1474 Aristoxeno'narrat
1895 1421 1963 1473 ad
2000 1441 2128 1474 eum

385 1514 573 1566 locum
620 1510 844 1573 Acron,
905 1527 1032 1560 eum
1084 1516 1137 1560 et
1184 1508 1601 1560 Anacreontem
1649 1507 1803 1560 libris
1851 1509 1960 1562 suis
2008 1512 2128 1564 vice

385 1598 695 1652 amicorum
731 1616 858 1650 usos
895 1615 1011 1648 esse
1038 1595 1110 1664 9).
1206 1595 1383 1664 Igitur
1428 1611 1784 1663 quaecunque
1835 1599 1888 1646 ei
1926 1597 1985 1649 in
2019 1599 2130 1651 vita

385 1685 737 1745 accidebant,
771 1685 886 1736 sive
923 1684 1094 1741 laeta,
1133 1679 1250 1731 sive
1289 1679 1492 1745 tristia,
1528 1699 1590 1732 ea
1628 1682 1964 1736 carminibus
1999 1704 2130 1756 per-

385 1772 741 1842 sequebatur,
789 1771 1136 1843 proeliorum
1177 1762 1492 1818 discrimina
1530 1777 1582 1819 et
1619 1768 1798 1820 exsilii
1834 1771 2128 1832 molestiaS,

387 1859 737 1914 conviviavet
770 1875 1000 1910 amores,
1107 1852 1213 1904 Sed
1249 1851 1523 1923 imprimis
1559 1854 1747 1924 magni
1789 1855 2128 1911 habebantur

388 1947 636 2000 carmina
671 1964 764 2008 ea,
815 1945 1011 2017 quibus
1045 1940 1259 2017 proelia
1298 1940 1597 2004 cecinerat,
1652 1952 1705 1995 et
1742 1962 1973 1999 suorum
2006 1947 2128 1999 ani—-

499 2174 624 2218 haud
653 2171 793 2216 dubie
831 2171 1077 2222 commoti,
1121 2169 1385 2212 retulissent
1423 2183 1521 2213 sese
1560 2171 1725 2216 elatius
1764 2184 1944 2227 gerere,
1983 2173 2128 2216 maio-

500 2262 665 2305 resque
694 2255 909 2302 appetere
936 2258 1038 2293 res;
1080 2245 1164 2286 en!
1195 2243 1347 2286 subito
1367 2275 1379 2295 ,
1408 2256 1457 2284 re
1492 2246 1742 2297 incoatum,
1771 2254 1956 2287 auctore
1983 2247 2127 2300 inpri-

499 2325 588 2365 mis
618 2321 822 2369 Pittaco,
851 2321 1050 2373 imperio
1083 2331 1131 2359 se
1159 2315 1366 2358 abdicare
1396 2318 1588 2368 iussum,
1619 2331 1936 2374 summamque
1971 2331 2127 2360 rerum

501 2396 648 2438 eidem
676 2393 854 2437 Pittaco
884 2391 1109 2434 traditam.

444 2469 486 2522 6)
517 2471 654 2523 Diog.
682 2467 736 2510 L.
770 2468 807 2516 1,
840 2464 906 2520 76.
951 2464 1018 2507 Cf.
1051 2463 1201 2506 Valet.
1232 2462 1360 2506 BIax.
1394 2463 1481 2515 IV,
1515 2464 1557 2506 Ι.
1603 2473 1699 2508 ext.
1733 2462 1775 2504 6.

444 2543 485 2598 7)
517 2542 680 2588 Strabo
711 2541 852 2584 XIII.
894 2551 940 2592 p.
972 2551 1071 2592 917·
1103 2538 1166 2580 D.

443 2616 487 2668 8)
520 2615 667 2660 Serm.
697 2616 766 2665 II,
804 2627 841 2663 1,
877 2614 947 2654 50.

442 2688 485 2745 9)
517 2687 585 2732 Cf.
612 2687 834 2742 synesius
864 2683 919 2728 de
946 2687 1144 2728 insomn.
1172 2699 1218 2740 p,
1248 2684 1342 2726 156.
1375 2682 1582 2727 τοσοῖτος
1613 2681 1704 2741 ἄρα
1730 2681 1809 2728 νοῦ
1830 2683 1917 2740 μὲν
1938 2680 2122 2740 αὖχμός,

500 2759 729 2816 ἓπομβρία
752 2756 806 2801 ’δὲ
842 2756 1006 2807 λέξεων
1035 2754 1138 2799 τοὺς
1171 2752 1446 2813 ἀνθρώπους
1477 2760 1703 2812 κατέσχεν,
1737 2755 1796 2801 οἷς
1829 2755 1947 2799 εἶναι
1975 2756 2120 2810 τινὰς,

499 2834 546 2876 οἳ
564 2829 781 2876 δύνανται
803 2831 966 2889 λέγειν,
1001 2825 1081 2874 οὔκ
1113 2829 1286 2884 ἔχοντες
1317 2827 1345 2872 ὅ
1367 2848 1413 2872 τι
1444 2827 1513 2872 δεῖ
1539 2832 1702 2888 λέγειν,
1736 2829 1836 2874 δέον
1867 2826 2123 2872 ἀπολαύειν

497 2904 698 2957 ἑαυτῶν,
741 2901 890 2961 ὥσπερ
923 2899 1133 2947 Ἀλκαῖός
1164 2919 1213 2946 τε
1255 2909 1331 2947 καὶ
1369 2900 1655 2959 Ἀρχίλοχος,
1697 2905 1745 2948 οἳ
1783 2899 2120 2957 δεδαπανήκασι

500 2975 586 3033 τὴν
615 2972 831 3032 εὐνομίαν
862 2975 922 3022 εἷς
953 2975 1035 3022 τὸν
1064 2973 1229 3020 οἰκεῖον
1263 2979 1364 3034 βίον
1394 2974 1615 3031 ἑκάτερος,
1659 2984 1735 3021 καὶ
1766 2981 1918 3020 τοίνυν
1946 2972 1976 3031 ἦ
2008 2972 2118 3017 δια-

498 3046 606 3105 δοχὴ
653 3048 733 3093 τοῦ
777 3047 938 3106 χρόνου
987 3049 1117 3105 τηρεῖ
1156 3046 1241 3103 τὴν
1285 3047 1473 3105 μνήμην
1516 3045 1578 3091 ὦν
1609 3066 1659 3093 τε
1689 3048 1919 3106 ἤλγησαν,
1967 3044 2030 3091 ὦν
2068 3064 2117 3091 τε

496 3119 713 3179 ἥσθησαν
752 3140 793 3166 κ.
823 3140 865 3167 τ.
900 3123 939 3167 λ.
973 3137 1174 3182 quorum
1204 3134 1381 3178 partem
1410 3125 1647 3180 adscripsit
1676 3125 1909 3169 Liebelius
1939 3123 2116 3168 comm.

496 3197 553 3240 de
581 3195 757 3240 Archil.
788 3213 832 3253 p.
866 3202 932 3242 14.
963 3209 1057 3244 not.
1089 3196 1133 3240 b.
1162 3207 1214 3238 ut
1243 3197 1485 3252 probaret,
1516 3199 1659 3242 Arch.
1697 3209 1887 3255 propter
1916 3210 2119 3252 pauper·

497 3281 638 3316 tatem
664 3271 836 3315 Parum
877 3274 1116 3330 reliquisse
1157 3282 1202 3315 et
1241 3275 1292 3313 in
1334 3271 1540 3315 Thasum
1569 3275 1829 3329 emigrasse.
1899 3269 1990 3316 Sed
2019 3272 2117 3325 ejus

496 3348 566 3388 rei
592 3346 776 3389 nullum
803 3349 853 3388 in
889 3359 944 3389 eo
974 3347 1079 3390 loco
1111 3347 1359 3401 vestigium
1387 3349 1582 3402 reperio.
