2293 3650
1062 232 1110 272 V

234 375 371 423 tione
409 372 657 437 disposui,
719 380 769 419 et
808 369 1009 419 adiectis
1046 367 1170 419 VV.
1208 367 1328 420 DD.
1373 373 1780 423 annotationibus
1827 377 1952 424 illu-

320 476 323 477 ⁷
948 467 951 469 .
1722 459 1730 476 1

233 483 413 546 stravi,
453 482 514 530 de
547 499 661 530 meo
703 481 835 529 nihil
868 486 970 531 fere
1004 482 1203 545 addidi,
1247 485 1454 531 vuhiera
1491 494 1686 547 autem,
1733 489 1956 555 reliquiis

233 571 333 643 illis
363 597 424 643 ab
451 597 732 659 ignorantia
765 606 814 643 et
848 597 1152 659 negligentia
1192 597 1509 643 librariorum
1541 598 1727 645 inflicta
1768 599 1959 647 nudavi

234 710 392 771 magis
418 717 465 755 et
489 708 730 772 patefeci,
769 725 924 775 quam
945 709 1136 755 sanavi.
1210 702 1273 753 In
1300 725 1399 773 quo
1426 708 1556 754 illud
1582 720 1780 773 tamen,
1832 729 1960 777 quae
1997 748 2001 757 ,

237 816 352 867 Tua
377 830 449 868 est
487 823 736 887 aequitas,
776 821 1054 883 reputabis,
1100 821 1399 885 plerumque
1437 821 1506 867 ita
1535 820 1720 869 laceras
1747 834 1796 871 et
1824 827 1963 871 omni

237 949 378 979 nexu
406 935 590 981 solutas
616 949 746 992 esse,
786 941 842 978 ut
872 932 1086 978 aliorum
1111 941 1401 996 poetarum,
1441 934 1510 980 sic
1545 929 1727 981 Alcaei
1763 952 1963 1002 quoque

236 1046 472 1110 reliquias
503 1061 588 1091 seu
615 1045 893 1107 fragmenta
922 1061 1048 1109 quae
1085 1045 1237 1108 vulgo
1261 1053 1467 1106 vocant,
1506 1055 1589 1107 ut,
1638 1064 1767 1113 quae
1794 1066 1968 1096 earum

234 1157 482 1204 sententia
506 1157 657 1203 suerit
684 1156 765 1202 vel
788 1154 924 1220 quod
948 1156 1215 1202 consilium
1240 1157 1327 1203 vix
1360 1173 1511 1222 queas
1540 1157 1796 1223 dispicere.
1861 1157 1966 1209 Ita-

241 1285 367 1335 que,
408 1267 531 1335 quid
568 1269 715 1315 scribi
748 1270 989 1334 potuerit,
1027 1269 1222 1332 saepius
1256 1285 1361 1315 non
1401 1267 1523 1315 adeo
1557 1269 1756 1318 difficile
1788 1282 1859 1320 est
1884 1275 1968 1320 in-

239 1381 440 1440 venire,
503 1382 841 1442 coniecturas,
900 1397 1028 1446 quae
1064 1379 1224 1428 solido
1266 1382 1436 1447 aliquo
1473 1380 1805 1431 fundamento
1844 1402 1967 1433 con-

238 1494 441 1539 stitutae
481 1493 588 1538 veri
626 1494 845 1556 speciem
881 1491 1128 1554 habeant,
1192 1493 1413 1557 proferre
1452 1497 1539 1541 vix
1574 1497 1709 1542 licet.
1795 1492 1968 1558 Quare

243 1605 359 1651 satis
387 1602 569 1662 habui,
608 1621 663 1649 ea
681 1641 692 1663 ,
732 1621 859 1669 quae
887 1606 947 1651 ab
976 1607 1084 1652 aliis
1113 1603 1178 1652 ad
1208 1604 1298 1653 has
1327 1607 1562 1672 reliquias
1592 1609 1674 1655 vel
1708 1608 1968 1657 illustran-

246 1715 331 1763 das
357 1715 439 1762 vel
470 1714 807 1760 emendandas
843 1716 1023 1761 collata
1054 1725 1223 1777 erant,
1264 1716 1527 1781 diIIgenter
1560 1719 1863 1783 adscribere,
1899 1724 1970 1770 ita

245 1837 304 1874 ut
331 1825 392 1873 de
419 1827 478 1873 iis
514 1823 774 1872 iudicandi
801 1835 1099 1889 potestatem
1131 1827 1238 1871 aliis
1275 1828 1638 1905 relinquerem,
1692 1831 1854 1897 iisque
1883 1837 1972 1900 qui

246 1938 372 1986 haec
395 1939 575 1986 lecturi
603 1947 765 1985 essent
802 1940 1227 2002 opportunitatem
1263 1937 1496 1985 offerrem
1518 1956 1650 1988 nova
1678 1943 1968 2006 quaerendi,

247 2069 377 2118 quae
403 2068 549 2115 saepe
573 2067 679 2097 non
702 2059 809 2097 tam
835 2049 1029 2097 assidua
1050 2048 1377 2098 meditatione
1402 2051 1749 2100 extunduntur
1765 2092 1778 2116 ,
1817 2073 1971 2122 quam

247 2165 386 2210 felici
429 2165 599 2229 aliquo
640 2163 833 2225 ingenii
880 2164 1075 2226 impetu
1120 2171 1169 2209 et
1217 2164 1360 2228 quasi
1412 2163 1582 2210 afflatu
1623 2165 1968 2216 effunduntur.

252 2273 395 2325 Ordo
430 2285 600 2322 autem
627 2274 1048 2337 fragmentorum,
1103 2292 1255 2341 quem
1287 2277 1506 2336 institui,
1557 2277 1835 2325 secundmn
1861 2297 1972 2327 car-

249 2389 448 2436 minum
487 2403 670 2451 genera
709 2404 767 2433 ea
807 2386 1102 2451 disponens,
1160 2387 1307 2434 facile
1331 2389 1437 2434 fieri
1469 2397 1632 2452 potest
1658 2399 1715 2437 ut
1739 2392 1795 2437 in
1832 2410 1973 2439 eam-

251 2497 368 2547 dem
395 2499 838 2564 reprehensionem
873 2498 1179 2561 adducatur,
1232 2517 1387 2566 quam
1420 2502 1811 2566 fraganentorem
1836 2501 1973 2553 Phe-

248 2611 442 2677 recydis
473 2629 499 2659 a
533 2630 614 2660 me
651 2613 708 2658 in
731 2609 918 2662 VVolfii
940 2606 1201 2660 Analectis
1240 2609 1388 2661 Tom.
1420 2607 1462 2661 I.
1500 2631 1550 2678 p.
1582 2618 1679 2662 321
1711 2632 1820 2681 sqq.
1860 2626 1974 2663 ten-

251 2733 353 2771 tata
378 2723 648 2789 dispositio.
725 2719 897 2786 Quam
923 2741 1084 2791 quum
1109 2723 1161 2772 id
1191 2742 1391 2790 agerem
1424 2735 1481 2773 ut
1518 2743 1583 2773 ex
1609 2729 1752 2774 certis
1777 2727 1975 2776 indiciis

252 2836 566 2883 instituerem
605 2846 654 2884 et
685 2836 932 2901 profectus
967 2852 995 2882 a
1031 2837 1349 2900 fragmentis,
1403 2855 1531 2904 quae
1569 2855 1685 2885 cum
1717 2840 1831 2885 libri
1856 2850 1977 2912 nota

253 2963 283 2994 a
320 2942 669 2997 Grammaticis
711 2951 882 2997 aliisve
920 2951 1239 3013 scriptoribus
1274 2949 1596 3013 afferrentur,
1651 2967 1769 2998 oum
1803 2949 1881 2998 his
1921 2969 1977 2998 ea

255 3061 641 3124 conjungerem,
688 3080 815 3128 quae
853 3063 934 3111 vel
972 3079 998 3108 e
1037 3065 1295 3109 communi
1337 3065 1566 3110 omnium
1602 3063 1685 3111 vel
1724 3081 1751 3110 e
1784 3060 1977 3111 Phere-

258 3170 395 3235 cydis
443 3175 727 3221 narratione
771 3176 1040 3222 necessario
1087 3193 1202 3222 culn
1245 3177 1302 3221 iis
1360 3174 1625 3223 cohaerere
1671 3175 1977 3237 viderentur,

263 3276 488 3333 Sturzius
524 3295 693 3338 tamen
729 3289 784 3337 in
820 3303 952 3338 nova
989 3288 1383 3362 fragmentorum
1417 3285 1721 3353 Pherecydis
1762 3284 1979 3335 editione
