2293 3650
1002 280 1149 352 51,

320 433 508 488 Ursin.
547 453 600 506 p.
630 434 746 488 105.
783 434 986 489 Blomf.
1016 455 1100 489 nr.
1128 437 1260 491 XII.
1297 441 1381 490 καί
1408 440 1664 494 omittunt
1691 444 1722 497 3
1752 446 1906 499 codd.

181 522 374 574 Tzsch.
414 531 466 574 et
504 538 534 574 2
564 521 780 574 Falcon.
854 524 1038 593 Itaque
1072 534 1217 577 recte
1253 525 1527 580 Friedem.
1564 529 1602 580 l.
1629 548 1672 580 c.
1707 548 1760 602 p.
1788 534 1905 586 556.

182 607 434 678 corrigit:
475 606 668 677 Πρώτα
702 609 793 675 μὲν
819 606 1132 677 ”Ανται·δρος
1168 612 1402 682 Λελέγων
1435 611 1608 680 πόλις,
1642 627 1704 670 ut
1737 618 1906 671 edidit

176 695 342 748 etiam
379 696 578 748 Blomf.
618 697 764 750 idem
802 708 978 751 tamen
1019 697 1254 748 addens:
1311 699 1415 751 Sed
1454 703 1581 755 vide
1618 723 1687 756 an
1723 706 1903 776 potius

177 781 569 851 corrigendum
599 784 846 845 Ἀλκαῖος
881 786 935 834 ἐν
970 778 1148 851 πρώτῳ
1187 782 1376 850 μελῶν·
1416 783 1570 839 ”Art-
1607 794 1674 841 A.
1714 814 1769 845 π.

310 900 491 953 LVII.
548 901 725 953 Schol.
763 901 1029 971 Apollon.
1069 902 1175 954 Rh.
1211 903 1254 964 I,
1291 916 1408 975 957.
1453 904 1709 974 Ἀρτακία
1742 907 1899 981 κρήνη

171 989 284 1057 περὶ
311 985 553 1050 Κυζικὸν,
591 983 651 1055 ἧς
684 989 768 1041 καὶ
794 987 1025 1051 Ἀλκαῖος
1054 992 1298 1060 μέμνηται
1325 994 1419 1069 καὶ.
1435 993 1782 1068 Καλλίμαχος,
1821 994 1900 1053 ὅτι

173 1079 260 1143 τῆς
291 1074 555 1134 Δολιονιάς
591 1076 743 1127 ἐστίν.

309 1160 497 1213 ’Π1’5111.
536 1179 588 1232 p.
626 1178 739 1233 109.

304 1274 512 1328 LVIII.
559 1275 638 1328 Id.
676 1275 777 1337 IV,
820 1294 935 1348 992.
977 1277 1231 1340 Ἀλκαῖος
1265 1278 1391 1332 κατὰ
1427 1278 1488 1333 τά
1528 1281 1658 1337 αὗϊὰ
1696 1279 1896 1341 'Anou-

162 1357 317 1429 σιλάῳ
368 1360 499 1431 λέγει
551 1362 667 1425 τούς
717 1365 945 1425 Φαίακας
987 1365 1114 1436 ἔχειν
1150 1362 1209 1419 τὸ
1244 1370 1383 1436 γένος
1420 1369 1477 1420 ἐκ
1514 1372 1614 1423 τῶν
1647 1370 1897 1443 σιαγόνων

162 1453 253 1501 τοῦ
289 1448 518 1516 οὐρανοῦ.

303 1535 494 1588 Ursin.
534 1553 585 1607 p.
625 1534 740 1589 108.

303 1650 462 1702 LIX.
519 1649 722 1702 Athen.
760 1650 858 1701 III.
898 1671 952 1722 p.
991 1652 1073 1705 85.
1112 1653 1174 1704 Ε.
1222 1652 1454 1716 Καλλίας
1490 1654 1544 1708 δ’
1585 1653 1611 1709 ὅ
1649 1658 1895 1727 Μυτιλη-

165 1748 303 1800 ναῖος
342 1739 395 1789 ἐν
431 1740 500 1804 τῷ
539 1737 653 1804 περὶ
694 1739 787 1803 τῆς
822 1738 955 1806 παρ’
988 1737 1221 1809 Ἀλκαίῳ
1255 1739 1470 1803 λεπάδος
1492 1741 1626 1811 παρὰ
1664 1746 1733 1812 τῷ·
1757 1744 1894 1798 Ἀλ-

164 1830 287 1896 καίῳ
324 1825 475 1893 φησὶν
509 1821 635 1875 εἶναι
670 1815 834 1889 ᾠδήν,
872 1820 934 1890 ἧς
968 1821 1000 1893 ἦ
1039 1823 1192 1893 ἇρχή·

447 1912 634 1977 πέτρας
675 1909 758 1961 καὶ
793 1907 972 1971 πολιᾶς
1008 1906 1274 1972 θαλάσσας
1311 1905 1513 1966 τέκνον·

160 1992 223 2069 ἧς
260 1998 346 2052 ἐπὶ
384 1996 515 2051 τέλει
549 1992 859 2064 γεγράφθαι·

444 2087 501 2135 ἐκ
538 2078 768 2134 λεπάδων
801 2081 1000 2151 χαύνοις
1029 2085 1211 2152 φρένας
1246 2081 1278 2136 ἆ
1312 2084 1578 2138 θαλασσία
1613 2085 1785 2151 λεπάς.

160 2169 187 2225 ὅ
227 2170 274 2225 δ’
307 2165 688 2238 Ἀριστοφάνης
724 2165 897 2237 γράφει
929 2167 1040 2221 ἀντὶ
1080 2175 1169 2222 τοῦ
1210 2169 1363 2230 λεπὰς
1397 2171 1539 2240 χέλυς
1574 2194 1619 2224 κ.
1659 2196 1702 2225 τ.
1736 2179 1783 2227 λ.

302 2257 488 2308 Ursin.
525 2277 576 2328 p.
612 2268 720 2316 105.
758 2255 962 2307 Blomf.
999 2256 1065 2307 L.
1116 2257 1181 2308 In
1208 2259 1446 2328 secundo
1471 2278 1634 2311 versu
1665 2259 1889 2313 Casaub.

159 2346 262 2414 leg.
303 2342 652 2395 coniiciebat:
715 2345 771 2394 ἐκ
808 2339 1014 2395 λυπάων
1050 2343 1099 2396 δ’
1143 2347 1292 2396 zaim
1330 2366 1384 2397 σε
1421 2366 1503 2414 φρ.
1538 2342 1568 2396 ἆ
1607 2349 1665 2397 θ.
1706 2345 1749 2397 λ..
1801 2348 1890 2399 vel

162 2436 339 2492 ἲαίνοις
379 2427 419 2483 ὦ
455 2433 514 2482 θ.
550 2430 596 2481 λ.
652 2429 746 2481 ubi
787 2430 1082 2482 secundam
1129 2450 1179 2483 v.
1229 2426 1432 2484 λυπάων
1472 2432 1737 2501 syllabam
1788 2452 1889 2504 pro

162 2519 318 2574 brevi
357 2518 605 2570 habuisse
644 2517 875 2569 videtur.
949 2517 1214 2569 Similiter
1251 2516 1446 2570 Valck.
1487 2520 1555 2571 ad
1588 2520 1798 2572 Herod.
1840 2540 1889 2591 p.

161 2624 259 2671 22,
301 2607 382 2658 26.
424 2602 586 2658 ἷαὺνοι
624 2604 866 2670 (voluit,
906 2613 1069 2674 put0,
1110 2604 1290 2672 ἰαίνοι)
1327 2604 1375 2656 0²
1412 2602 1445 2656 ἆ
1474 2609 1536 2658 θ.
1571 2609 1616 2658 λ.
1692 2606 1890 2658 Blomf.

164 2695 304 2746 coni.
367 2695 422 2744 ἐκ
473 2691 704 2744 λοπάδων
752 2693 965 2754 σαίνοις,
1036 2701 1349 2763 comparato
1408 2692 1530 2744 loco
1577 2692 1890 2763 Hipparchi

162 2782 308 2854 apud
339 2779 548 2833 Athen.
582 2779 680 2830 III.
721 2798 774 2850 p.
809 2795 923 2830 101.
962 2775 1033 2829 A.
1074 2780 1128 2830 ἐν
1163 2776 1376 2831 λοπάσιν
1412 2779 1466 2843 μ’
1499 2779 1753 2848 εὐφραίνει
1787 2775 1890 2848 μή·-

160 2889 278 2938 ‘tem'
325 2864 452 2919 καλὰ
490 2862 754 2934 πρόσωπα.
848 2863 920 2915 V.
958 2864 1027 2915 D.
1076 2864 1136 2918 in
1176 2866 1528 2937 Ephemerid.
1578 2868 1692 2920 Ien.
1736 2865 1887 2920 1806.

160 2975 248 3010 nr.
297 2954 413 3026 249.
477 2963 720 3006 metrum
768 2972 882 3005 esse
929 2962 1109 3022 putat,
1184 2954 1340 3022 quale
1390 2955 1449 3006 in
1498 2953 1678 3005 scoliis
1726 2971 1887 3023 saepe

162 3052 457 3116 usurpetur
495 3041 620 3109 (vid.
647 3040 838 3092 Herm.
866 3040 1023 3093 elem.
1048 3041 1097 3092 d.
1123 3060 1194 3092 m.
1226 3060 1273 3111 p.
1301 3041 1456 3110 6951),
1489 3041 1723 3111 ideoque
1750 3041 1884 3092 coni.

440 3130 625 3198 πέτρας
662 3128 745 3180 καὶ
785 3125 969 3188 πολιᾶς
1006 3129 1178 3180 τέκνον
1217 3123 1484 3190 θαλάσσας

776 3233 812 3266 ³oe
1021 3234 1056 3266 ane

443 3303 500 3352 ἐκ
525 3296 756 3354 λεπάδων
791 3298 1032 3371 (χλιαίνοι
1065 3302 1152 3354 vel
1177 3301 1321 3370 quod
1351 3300 1625 3373 praefert)
1662 3291 1886 3350 θαλῦνοι

1147 3389 1327 3456 φρένας
1363 3387 1395 3440 ἆ
1431 3384 1598 3447 λεπάς.

1190 3473 1313 3530 D2
