2293 3650
959 289 1040 350 69

136 442 362 512 perisset
396 439 531 503 φίλει
569 445 748 508 σέβου,
802 443 855 493 in
898 442 1153 513 Epitome
1190 442 1363 510 φίλους
1402 448 1571 516 σέβου.
1645 451 1853 506 Secun-

134 528 262 579 dum
291 546 508 579 versum
539 529 614 579 sic
641 529 767 579 citat
795 528 978 582 Schol.
1006 531 1175 582 Arist.
1213 536 1311 583 τῶν
1340 532 1517 587 δειλῶν
1541 535 1627 588 ἆπ.
1654 542 1846 592 ποιοῖο

130 610 210 666 ὅτι
242 613 418 666 δειλῶν
454 615 529 667 ὀὶ..
565 637 611 684 χ.
685 613 766 666 Cf.
806 615 1008 668 Iacobs.
1048 617 1115 668 ad
1154 618 1318 671 Anal.
1350 619 1390 669 I.
1431 640 1481 692 p.
1519 624 1639 680 502.

268 758 506 811 CXXII.
554 759 813 810 Priscian.
857 778 908 830 p.
943 759 1064 811 554.
1106 760 1187 812 ed.
1227 761 1446 817 Putsch.
1495 771 1681 819 Aeoles
1717 775 1781 836 τῆ
1818 794 1849 823 υ

128 848 405 894 ascribunt
439 866 495 907 o,
559 867 664 895 non
695 859 756 912 'ut
791 848 1178 914 deplzthongum
1202 841 1436 916 faciant
1483 856 1591 914 ihi,
1649 832 1761 908 sed⁸
1788 873 1848 910 ut

121 950 304 981 sonum.
337 953 367 984 υ
400 936 686 1005 Aeolicum·
713 937 1019 993 ostendant,
1059 946 1118 983 ut
1154 940 1547 990 Callimachus:

403 1013 724 1088 Καλλιχόρου
754 1017 944 1088 χθονὸς
987 1020 1155 1088 οὐρίας
1191 1021 1469 1094 θουγάτηρ.

117 1101 320 1155 Blomf.
367 1105 427 1156 in
476 1106 622 1161 Add.
672 1126 724 1178 p.
767 1107 885 1176 570.
968 1106 1079 1159 Pro
1132 1114 1495 1163 Callimachus
1545 1114 1720 1170 Bentl.
1750 1121 1837 1171 'ad

116 1189 330 1242 Callim.
364 1190 433 1247 fr.
475 1192 778 1245 CCLVIII.
813 1212 867 1264 p.
898 1194 1017 1249 552.
1056 1199 1289 1247 Alcaeus
1327 1199 1433 1269 legi
1469 1201 1647 1267 iubet,
1698 1205 1840 1259 Val-

110 1278 265 1330 cken.
304 1280 373 1331 ad
411 1281 647 1333 Theocr.
687 1280 875 1333 Adon.
911 1301 966 1353 p.
1006 1299 1126 1354 279.
1163 1289 1421 1353 Alcman,
1469 1289 1600 1357 quia
1638 1311 1698 1344 ου
1733 1313 1837 1364 pro

108 1386 139 1416 υ
174 1366 427 1437 inprimis
466 1368 753 1420 Laconum
803 1369 886 1420 sit.
973 1370 1299 1424 Callimachi
1335 1393 1539 1428 nomen
1588 1396 1620 1429 a
1664 1378 1837 1432 Codd.

106 1453 268 1504 MSS.
309 1455 575 1507 Prisciani
613 1455 798 1506 abesse
834 1456 1104 1509 Valcken.
1149 1472 1440 1514 monuerat
1475 1463 1744 1530 Bondam‚
1784 1479 1838 1520 et

105 1540 255 1592 abest
292 1541 358 1594 ab
397 1553 519 1596 octo
560 1542 733 1594 Codd.
772 1542 991 1595 Krehlii
1030 1544 1096 1596 T.
1129 1548 1171 1596 I.
1213 1566 1265 1617 p.
1305 1549 1390 1601 35.
1435 1548 1725 1605 Welcker.
1765 1557 1832 1608 ad

103 1628 361 1681 Alcman.
399 1629 469 1681 fr.
510 1650 565 1701 p.
604 1630 690 1682 85.
740 1648 887 1699 „pro
924 1633 1095 1699 οὐρίας
1130 1632 1307 1685 Bentl.
1344 1635 1403 1688 in
1451 1639 1706 1694 ordinem
1740 1662 1834 1696 re-

79 1718 242 1788 ¹cepit
277 1708 315 1768 ὧ
343 1715 506 1779 Ῥεία,
544 1717 888 1768 Priscianum
922 1726 1014 1769 aut
1044 1717 1389 1790 vilipendens
1414 1725 1502 1776 vel
1529 1727 1689 1796 plane
1717 1749 1830 1783 non

100 1807 396 1875 capiens‚“
442 1806 677 1856 mirum!
734 1803 887 1872 quasi
926 1800 1213 1874 θουγάτηρ,
1261 1810 1407 1877 quod
1447 1811 1623 1864 Bentl.
1664 1815 1828 1877 dedit,

100 1913 213 1946 non
242 1891 869 1944 accommodatissimum
904 1891 971 1940 sit
1006 1891 1101 1955 iis,
1137 1910 1274 1959 quae
1300 1895 1469 1947 Prisc.
1499 1899 1640 1952 dicit.
1700 1903 1827 1974 Ipse

102 1980 287 2048 Οὐρίας
335 1980 518 2031 littera
562 1977 863 2029 maiuscula
909 1977 1205 2047 scriptum,
1267 1998 1372 2050 pro
1403 1978 1575 2051 ε’Υρίας
1612 1990 1823 2060 accipit,

94 2085 233 2136 quae
270 2066 397 2117 urbs
431 2084 607 2136 prope
644 2063 918 2116 Aulidem·
948 2074 999 2115 et
1035 2065 1347 2134 Tanagram
1383 2069 1485 2121 sita
1522 2083 1656 2127 erat.
1711 2075 1824 2130 Ubi

93 2173 263 2222 quum
298 2163 430 2205 teste
469 2152 642 2202 Strab.
683 2170 734 2222 p.
770 2149 889 2201 404.
936 2161 1091 2202 natus
1132 2162 1266 2205 esset
1295 2154 1507 2218 Orion,
1544 2159 1657 2210 eius
1685 2179 1821 2214 vero

90 2241 258 2302 filias,
308 2238 625 2293 Metiochen
657 2247 710 2289 et
740 2237 1046 2310 Menippen
1084 2239 1341 2292 cecinerit
1368 2241 1642 2307 Corinna,
1688 2246 1820 2301 huic

90 2347 316 2380 versum
351 2326 553 2379 maiori
577 2325 698 2376 iure
722 2325 1075 2378 tribuendum
1110 2327 1432 2397 suspicatur.
1505 2330 1587 2383 At
1620 2333 1815 2388 Krehl.

90 2434 119 2467 e
161 2416 294 2468 Cod.
332 2413 586 2467 Heidelb.
623 2411 809 2482 χθονὸς
846 2412 1035 2483 εὐρείας
1073 2413 1354 2484 θουγάτηρ.

225 2555 497 2609 CXXIII.
548 2552 882 2624 Hephaestio
918 2573 969 2625 p.
1002 2554 1082 2606 24.
1121 2552 1229 2623 (25.
1262 2556 1460 2628 Gaisfi)
1498 2559 1563 2612 de
1591 2561 1813 2634 logaoe-

86 2643 218 2696 (ficis
260 2640 563 2712 dactylicis:
625 2643 730 2692 ἔστι
779 2640 827 2693 δ’
868 2641 1032 2694 αὐτῶν
1080 2641 1428 2710 ἐπισημότατα
1476 2643 1534 2699 τό
1584 2670 1637 2701 τε
1685 2650 1812 2720 πρὸς

82 2727 174 2784 δύο
210 2727 476 2788 δακτύλοις
516 2730 627 2796 ἔχον
662 2726 927 2798 τροχαϊκὴν
960 2730 1216 2796 συζυγίαν,
1266 2729 1571 2800 καλούμενον
1605 2736 1660 2790 δὲ
1687 2738 1808 2791 Ἀλ-

79 2814 252 2869 καϊκὸν
287 2811 687 2883 δεκασύλλαβον·

424 2905 507 2953 καί
543 2923 616 2961 τις
657 2899 741 2953 ἐπ’
785 2901 1088 2970 ἒσχατιαῖσιν
1126 2906 1293 2964 οἰκεῖς.

79 2987 280 3042 Blomf.
328 3007 412 3040 nr.
460 2987 652 3041 XVII.
715 2986 912 3041 Alcaei
958 3008 1072 3043 esse
1123 3010 1153 3042 e
1199 2991 1315 3043 solo
1361 2994 1587 3047 nomine
1638 3001 1799 3049 metri

74 3076 363 3144 colligitur.

218 3217 489 3272 cxxiv.
555 3219 634 3270 Id.
686 3239 737 3291 p.
776 3220 863 3274 54.
912 3220 1029 3292 (59.
1068 3221 1279 3292 caisf.)
1328 3223 1385 3277 τὸ
1423 3223 1477 3277 σὲ
1512 3227 1667 3292 μέσην
1703 3225 1793 3288 μὲν

70 3306 181 3373 ἔχον
237 3302 331 3373 τήν
383 3305 807 3374 ἀντισπαστικὴν,
880 3313 1188 3379 τρεπομένην
1237 3309 1360 3363 κατὰ
1410 3312 1497 3365 τὸν
1546 3309 1790 3379 πρόιερον
