2293 3650
1046 253 1127 314 23

363 402 527 456 XVI.
583 401 779 454 Strabo
816 405 861 455 Ι.
913 423 966 476 p.
1004 404 1090 459 65.
1126 405 1190 457 Β.
1243 407 1311 459 de
1347 408 1507 461 Nilo:
1558 404 1615 460 τὸ
1652 409 1707 462 δὲ
1744 409 1939 464 πλείοσι

221 484 459 553 στόμασιν
506 484 757 541 ἐκδιδόναι
804 490 968 545 κοινὸν
1017 493 1101 545 καὶ
1143 492 1411 548 πλειόνων·
1473 493 1601 548 ὥστε
1650 495 1742 549 οὔκ
1800 494 1940 560 ἄξιον

218 570 417 642 μνήμης
451 570 677 643 ὖπέλαβε
712 575 1070 647 (Homerus),
1107 578 1192 630 καὶ
1225 584 1384 631 ταῦτα
1417 579 1543 650 πρὸς
1578 579 1802 646 εἰδότας,
1844 605 1939 636 κα-

216 657 390 729 θάπερ
429 660 546 714 οὐδ’
591 660 852 728 Ἀλκαῖος,
898 668 1063 717 καίτοι
1107 659 1272 733 φήσας
1305 665 1530 735 ἀφῖχθαι
1562 670 1647 722 καὶ
1683 668 1834 732 αὐτὸς
1868 674 1939 733 εἷς

215 746 499 816 Ἀῖγυπτον.

354 835 538 888 Ursin.
577 855 635 908 p.
676 853 792 889 110.
859 837 1030 888 Deest
1063 836 1208 908 apud
1246 835 1448 890 Blomf.
1528 838 1711 890 Locus
1747 859 1778 891 e
1812 860 1935 894 car-

210 919 391 986 mine,
443 923 502 976 in
539 940 647 993 quo
686 921 885 977 cecinit
923 926 1062 975 dura
1095 930 1278 989 navis,
1317 929 1453 977 dara
1474 927 1655 994 sagae
1689 930 1850 979 mala.

921 1089 959 1137 Ι
960 1090 1010 1139 I.
1031 1082 1230 1153 ’Ὗμνοα

826 1189 875 1227 1.
909 1175 981 1234 εἷς
1004 1169 1318 1225 Ἀπόλλωνα.

347 1269 540 1324 XVII.
600 1270 889 1326 Himerius
938 1293 1019 1327 or.
1057 1274 1221 1328 XIV.
1267 1291 1350 1329 10.
1395 1272 1568 1326 ἐθέλω
1603 1271 1660 1327 δὲ
1692 1269 1813 1342 ὗμῖν
1850 1272 1933 1326 καὶ

197 1352 433 1409 Ἀλκαίου
467 1355 577 1410 τινὰ
612 1355 760 1428 λόγον
796 1366 985 1426 εἰπεῖν,
1043 1359 1102 1415 ὃν
1136 1364 1326 1425 ἐκεῖνος
1358 1356 1478 1432 ᾖσεν
1514 1362 1568 1413 ἐν
1601 1363 1773 1429 μέλεσι
1809 1383 1933 1414 παι·

204 1444 300 1494 ᾶνα
336 1439 535 1511 γράφων
559 1444 856 1501 Ἀπόλλωνι.
930 1448 1061 1518 Ἐρῶ
1099 1449 1154 1502 δὲ
1190 1448 1313 1512 ὖμῖν
1348 1449 1407 1502 οὗ
1444 1446 1570 1502 κατὰ
1606 1446 1668 1501 τὰ
1699 1451 1828 1517 μέλη
1870 1469 1934 1502 τα

205 1530 437 1596 Λέσβια,
491 1533 605 1586 ἐπεὶ
638 1533 765 1604 μηδὲ
803 1531 1018 1605 ποιητής
1053 1557 1127 1596 τις
1163 1536 1284 1605 ἐγὼ,
1335 1535 1463 1590 ἀλλὰ
1499 1534 1554 1589 τὸ
1592 1538 1773 1605 μέτρον
1807 1531 1930 1586 αὗτὸ

207 1612 364 1676 λύσας
401 1621 471 1678 εἷς
505 1617 654 1687 λόγον
690 1625 782 1687 τῆς
820 1619 987 1690 λύρας.
1046 1620 1161 1675 Ὅτε
1187 1622 1453 1677 Ἀπόλλων
1489 1625 1699 1692 ἐγένετο,
1736 1617 1930 1687 κοσμή-

205 1722 295 1762 σας
340 1701 495 1755 αὐτόν
544 1701 572 1756 ὅ
626 1704 749 1767 Ζεὺς
792 1711 940 1777 μίτρᾳ
977 1729 1030 1760 τε
1073 1713 1231 1778 χρυσῇ
1277 1711 1362 1762 καὶ
1394 1707 1549 1779 λύρᾳ,
1600 1704 1719 1768 δούς
1754 1727 1808 1758 τε
1843 1706 1933 1758 ἐπὶ

203 1784 401 1848 τούτοις
436 1785 571 1858 ἅρμα
617 1787 845 1844 ἐλαύνειν
882 1824 954 1833 ·—-
986 1792 1158 1846 κύκνοι
1194 1795 1250 1847 δὲ
1287 1793 1415 1864 ἦσαν
1451 1794 1508 1848 τὸ
1545 1792 1704 1864 ἅρμα·
1742 1821 1811 1832 --
1860 1795 1931 1852 εἷς

199 1873 427 1943 Δελφούς
465 1879 654 1942 πέμπει
689 1879 773 1930 καὶ
811 1878 1106 1940 Κασταλίας
1141 1875 1361 1945 νάματα,
1400 1883 1604 1933 ἐκεῖθεν
1639 1874 1932 1947 προφητεύ-

204 1983 322 2015 οντα
359 1964 492 2033 (leg.
529 1995 560 2004 -
593 1995 625 2004 -
660 1960 903 2033 εύσοντα)
942 1966 1088 2035 δίκην
1126 1967 1211 2019 καὶ
1250 1970 1409 2034 θέμιν
1444 1974 1552 2026 τοῖς
1575 1961 1831 2033 Ἓλλησιν.
1872 1961 1929 2016 Ὁ

199 2049 256 2104 δὲ
295 2049 474 2118 ἐπιβὰς
510 2050 597 2102 ἐπὶ
633 2054 730 2103 τῶν
763 2047 992 2118 ἁρμάτων
1027 2053 1125 2121 ἔφη
1164 2054 1249 2106 καὶ
1287 2054 1411 2123 (leg.
1456 2054 1640 2119 ἐφῆκε)
1683 2048 1801 2112 τοὺς
1834 2044 1930 2103 κύ-

199 2156 345 2196 κνους
396 2138 448 2197 ἐς
483 2133 851 2206 ςὙπερβορέους
899 2140 1170 2191 πέτεσθαι.
1287 2140 1481 2207 Δελφοὶ
1527 2138 1618 2207 μὲν
1669 2131 1758 2190 οὗν
1786 2177 1802 2200 ,
1862 2134 1929 2198 ὥς

199 2221 464 2297 ᾔσθοντο,
522 2227 711 2275 παιᾶνα
756 2226 1033 2286 συνθέντες
1076 2226 1161 2277 καὶ
1206 2224 1355 2292 μέλος
1390 2226 1474 2277 καὶ
1512 2223 1685 2293 χορούς
1726 2221 1928 2290 ἠϊθέων

198 2310 317 2378 περὶ
353 2307 440 2362 τὸν
479 2309 694 2378 τρίποδα
730 2306 1005 2378 στήσαντες
1054 2309 1266 2363 ἐκάλουν
1302 2308 1390 2363 τὸν
1424 2309 1553 2363 θεὸν
1587 2312 1642 2371 ἐξ
1671 2306 1928 2378 (Ὑπερβο-

200 2400 325 2466 ρέων
357 2400 553 2450 ἐλθεῖν.
616 2394 673 2449 Ὁ
709 2396 764 2449 δὲ
798 2399 910 2460 ἔτος
955 2395 1074 2451 ὅλον
1120 2393 1258 2466 παρα
1305 2404 1411 2457 τοῖς
1447 2397 1550 2449 ἐκεῖ
1587 2391 1926 2463 θεμιστεύσας

197 2481 521 2554 ἀνθρώποις,
573 2483 751 2553 ἐπειδὴ
790 2484 960 2555 καιρόν
994 2486 1294 2550 ἐνομοθετεῖ
1348 2482 1478 2553 (anz
1515 2480 1688 2550 καιρὸν
1721 2485 1926 2550 ε”ννομον

195 2569 309 2640 ᾔδει
323 2572 370 2639 ,9)
419 2573 502 2624 καὶ
537 2567 655 2632 τοὺς
691 2569 970 2638 Δελφικοὺς
1006 2571 1192 2639 ἧχῆσαι
1224 2570 1463 2638 τρίποδας
1484 2608 1497 2634 ,
1544 2562 1702 2631 αὖθις
1736 2566 1927 2623 κελεύει

197 2665 308 2718 τοῖς
340 2655 535 2718 κύκνοις
572 2658 623 2718 ἐξ
647 2655 994 2727 ΕὙπερβορέων
1027 2659 1350 2724 ἐφίπτασθαι
1384 2655 1630 2726 (ἇφιπτ).
1708 2649 1799 2709 Ἠν
1836 2658 1927 2721 μὲν

198 2738 290 2798 οὖν
324 2745 482 2810 θέρος
515 2745 599 2797 καὶ
635 2749 726 2797 τοῦ
772 2748 964 2814 θέρους
999 2741 1057 2796 τὸ
1093 2746 1244 2810 μέσον
1271 2741 1421 2808 αὗτὸ,
1468 2740 1552 2798 ὅτε
1591 2743 1643 2804 ἐξ
1670 2740 1926 2814 εὙπερβο-

197 2834 322 2899 ρέων
358 2829 600 2892 Ἀλκαῖος
651 2829 760 2900 ἄγει
807 2830 895 2884 τὸν
943 2829 1273 2886 Ἀπόλλωνα·
1333 2825 1418 2883 ὅτε
1459 2827 1521 2899 δὴ
1581 2829 1648 2900 (f.
1693 2825 1821 2884 ὅθεν
1857 2830 1922 2901 δὴ

196 2917 528 2981 Wernsd·),
578 2921 768 2989 θέρους
813 2915 1155 2985 ἐκλάμποντος
1199 2918 1283 2971 καὶ
1322 2917 1688 2986 ἐπιδημοῦντος
1720 2915 1923 2971 ’Λπόλ-

197 3002 383 3067 amoq,
443 3003 653 3074 θερινόν
701 3028 751 3060 τι
797 3005 949 3077 καὶὴ
999 3004 1128 3076 λύρα
1164 3007 1278 3075 περὶ
1326 3002 1414 3057 τὸν
1447 3001 1578 3057 θεόν
1623 3001 1921 3075 ἁβρύνεται·

196 3088 375 3163 ᾄδουσι
410 3091 498 3158 μὲν
533 3092 743 3163 ἀηδόνες
777 3093 914 3163 αὐτῷ
928 3135 946 3158 ,
1008 3093 1189 3149 ὁποῖον
1225 3090 1354 3153 εἰκὸς
1387 3085 1509 3164 ᾆσαι
1546 3093 1670 3162 παρ’
1705 3093 1920 3161 Ἀλκαίῳ

200 3175 288 3238 τὰς
319 3176 561 3248 ὄρνιθας·
615 3179 795 3252 ᾄδουσι
834 3180 890 3234 δὲ
922 3183 1008 3236 καὶ
1046 3177 1290 3252 χελιδόνες
1323 3178 1406 3231 καὶ
1441 3181 1684 3249 τέττιγες,
1735 3179 1795 3231 οὖ
1827 3177 1921 3246 τὴν

195 3265 389 3318 ἑαυτῶν
432 3265 585 3337 τύχην
631 3267 725 3336 τὴν
761 3270 816 3322 ἐν
852 3267 1149 3339 ἀνθρώποις
1189 3266 1545 3339 ἀγγέλλουσαι,
1592 3265 1719 3318 ἀλλὰ
1753 3261 1918 3320 πάντα

197 3347 264 3404 τοὶ
295 3350 424 3420 μέλη
471 3352 595 3407 κατὰ
631 3357 765 3409 θεοῦ
801 3353 1174 3431 φθεγγόμεναι·
1233 3361 1313 3427 ῥεῖ
1345 3359 1429 3411 καὶ
1462 3356 1693 3425 ἀργυροῖς
1728 3348 1759 3418 ἦ
1799 3355 1919 3406 Κα-
