<?xml version="1.0" encoding="UTF-8"?>
<!DOCTYPE html PUBLIC "-//W3C//DTD XHTML 1.0 Transitional//EN"
    "http://www.w3.org/TR/xhtml1/DTD/xhtml1-transitional.dtd">
<html xmlns="http://www.w3.org/1999/xhtml" xml:lang="en" lang="en">
 <head>
  <title>
</title>
<meta http-equiv="Content-Type" content="text/html;charset=utf-8" />
  <meta name='ocr-system' content='tesseract 3.04.00' />
  <meta name='ocr-capabilities' content='ocr_page ocr_carea ocr_par ocr_line ocrx_word'/>
</head>
<body>
  <div class='ocr_page' id='page_1' title='image "./reliquiaecollegi00alcauoft_0076.png"; bbox 0 0 2293 3650; ppageno 0'>
   <div class='ocr_carea' id='block_1_1' title="bbox 469 267 2056 495">
    <p class='ocr_par' dir='ltr' id='par_1_1' title="bbox 469 267 2056 495">
     <span class='ocr_line' id='line_1_1' title="bbox 1149 267 1233 330; baseline 0.012 -1"><span class='ocrx_word' id='word_1_1' title='bbox 1149 267 1233 330; x_wconf 74' lang='lat'><strong><em>62</em></strong></span> 
     </span>
     <span class='ocr_line' id='line_1_2' title="bbox 469 421 2056 495; baseline -0.003 -12"><span class='ocrx_word' id='word_1_2' title='bbox 469 423 813 483; x_wconf 79' lang='lat' dir='ltr'>LXXXVII.</span> <span class='ocrx_word' id='word_1_3' title='bbox 878 423 1120 495; x_wconf 76' lang='lat' dir='ltr'><strong>Etymol.</strong></span> <span class='ocrx_word' id='word_1_4' title='bbox 1154 422 1238 478; x_wconf 87' lang='lat' dir='ltr'><strong><em>M.</em></strong></span> <span class='ocrx_word' id='word_1_5' title='bbox 1276 437 1327 493; x_wconf 87' lang='lat' dir='ltr'><strong><em>p.</em></strong></span> <span class='ocrx_word' id='word_1_6' title='bbox 1361 421 1494 490; x_wconf 81' lang='lat'><strong>264,</strong></span> <span class='ocrx_word' id='word_1_7' title='bbox 1535 424 1618 488; x_wconf 61' lang='lat'><strong><em>14.</em></strong></span> <span class='ocrx_word' id='word_1_8' title='bbox 1662 422 1815 495; x_wconf 78' lang='grc' dir='ltr'><strong><em>δῆλος</em></strong></span> <span class='ocrx_word' id='word_1_9' title='bbox 1848 426 1933 479; x_wconf 77' lang='grc' dir='ltr'><strong><em>καὶ</em></strong></span> <span class='ocrx_word' id='word_1_10' title='bbox 1966 421 2056 479; x_wconf 74' lang='grc' dir='ltr'><strong><em>εὕ-</em></strong></span> 
     </span>
    </p>
   </div>
   <div class='ocr_carea' id='block_1_2' title="bbox 325 505 2059 1193">
    <p class='ocr_par' dir='ltr' id='par_1_2' title="bbox 327 505 2055 758">
     <span class='ocr_line' id='line_1_3' title="bbox 327 505 2055 588; baseline -0.003 -17"><span class='ocrx_word' id='word_1_11' title='bbox 327 516 479 588; x_wconf 80' lang='grc' dir='ltr'><strong><em>δηλος</em></strong></span> <span class='ocrx_word' id='word_1_12' title='bbox 514 514 648 584; x_wconf 83' lang='grc' dir='ltr'><strong><em>παρὰ</em></strong></span> <span class='ocrx_word' id='word_1_13' title='bbox 690 511 748 566; x_wconf 89' lang='grc' dir='ltr'><strong><em>τὸ</em></strong></span> <span class='ocrx_word' id='word_1_14' title='bbox 787 508 895 580; x_wconf 83' lang='grc' dir='ltr'><strong><em>δήω</em></strong></span> <span class='ocrx_word' id='word_1_15' title='bbox 932 510 989 564; x_wconf 85' lang='grc' dir='ltr'><strong><em>τὸ</em></strong></span> <span class='ocrx_word' id='word_1_16' title='bbox 1029 508 1238 581; x_wconf 77' lang='grc' dir='ltr'><strong>εὑρίσκω</strong></span> <span class='ocrx_word' id='word_1_17' title='bbox 1276 539 1346 549; x_wconf 95' lang='grc'>-</span> <span class='ocrx_word' id='word_1_18' title='bbox 1379 538 1449 549; x_wconf 91' lang='grc'><strong>-</strong></span> <span class='ocrx_word' id='word_1_19' title='bbox 1494 505 1527 577; x_wconf 67' lang='grc' dir='ltr'><strong><em>’ἢ</em></strong></span> <span class='ocrx_word' id='word_1_20' title='bbox 1572 505 1654 562; x_wconf 74' lang='grc' dir='ltr'><strong><em>ὅτι</em></strong></span> <span class='ocrx_word' id='word_1_21' title='bbox 1699 517 1899 579; x_wconf 79' lang='grc' dir='ltr'><strong><em>πρῶτον</em></strong></span> <span class='ocrx_word' id='word_1_22' title='bbox 1946 513 2055 566; x_wconf 72' lang='grc' dir='ltr'><strong><em>ἐστὶ</em></strong></span> 
     </span>
     <span class='ocr_line' id='line_1_4' title="bbox 328 591 1936 671; baseline -0.006 -15"><span class='ocrx_word' id='word_1_23' title='bbox 328 604 386 659; x_wconf 88' lang='grc' dir='ltr'><strong><em>τὸ</em></strong></span> <span class='ocrx_word' id='word_1_24' title='bbox 415 606 518 658; x_wconf 73' lang='grc' dir='ltr'><strong><em>’δέω</em></strong></span> <span class='ocrx_word' id='word_1_25' title='bbox 555 599 611 654; x_wconf 90' lang='grc' dir='ltr'><strong><em>τὸ</em></strong></span> <span class='ocrx_word' id='word_1_26' title='bbox 651 607 893 671; x_wconf 84' lang='grc' dir='ltr'><strong><em>σημαῖνον</em></strong></span> <span class='ocrx_word' id='word_1_27' title='bbox 929 597 986 652; x_wconf 84' lang='grc' dir='ltr'><strong><em>τὸ</em></strong></span> <span class='ocrx_word' id='word_1_28' title='bbox 1025 595 1259 667; x_wconf 77' lang='grc' dir='ltr'><strong><em>εῧρίσκω·</em></strong></span> <span class='ocrx_word' id='word_1_29' title='bbox 1309 591 1369 649; x_wconf 73' lang='grc' dir='ltr'><strong><em>οὗ</em></strong></span> <span class='ocrx_word' id='word_1_30' title='bbox 1407 597 1652 665; x_wconf 76' lang='grc' dir='ltr'><strong><em>μέμνηται</em></strong></span> <span class='ocrx_word' id='word_1_31' title='bbox 1676 596 1936 662; x_wconf 81' lang='grc' dir='ltr'><strong><em>Ἀλκαῖος·</em></strong></span> 
     </span>
     <span class='ocr_line' id='line_1_5' title="bbox 612 686 1754 758; baseline -0.004 -17"><span class='ocrx_word' id='word_1_32' title='bbox 612 686 706 758; x_wconf 77' lang='grc' dir='ltr'><strong><em>ἐγὼ</em></strong></span> <span class='ocrx_word' id='word_1_33' title='bbox 744 691 834 754; x_wconf 76' lang='grc' dir='ltr'><strong><em>μέν</em></strong></span> <span class='ocrx_word' id='word_1_34' title='bbox 872 686 921 738; x_wconf 74' lang='grc' dir='ltr'><strong><em>κ’</em></strong></span> <span class='ocrx_word' id='word_1_35' title='bbox 964 686 1021 740; x_wconf 82' lang='grc' dir='ltr'><strong><em>οὗ</em></strong></span> <span class='ocrx_word' id='word_1_36' title='bbox 1058 687 1155 739; x_wconf 68' lang='grc' dir='ltr'><strong><em>δέω</em></strong></span> <span class='ocrx_word' id='word_1_37' title='bbox 1194 687 1354 736; x_wconf 80' lang='grc' dir='ltr'><strong><em>ταῦτα</em></strong></span> <span class='ocrx_word' id='word_1_38' title='bbox 1387 688 1754 753; x_wconf 81' lang='grc' dir='ltr'><strong><em>μαρτυρεῢντας</em></strong></span> 
     </span>
    </p>

    <p class='ocr_par' dir='ltr' id='par_1_3' title="bbox 327 764 2054 931">
     <span class='ocr_line' id='line_1_6' title="bbox 327 764 2054 841; baseline -0.004 -11"><span class='ocrx_word' id='word_1_39' title='bbox 327 808 395 818; x_wconf 95' lang='grc'>-</span> <span class='ocrx_word' id='word_1_40' title='bbox 429 807 499 818; x_wconf 95' lang='lat'><strong>—</strong></span> <span class='ocrx_word' id='word_1_41' title='bbox 533 774 634 830; x_wconf 78' lang='grc' dir='ltr'><strong><em>ἇπὸ</em></strong></span> <span class='ocrx_word' id='word_1_42' title='bbox 673 775 855 829; x_wconf 80' lang='grc' dir='ltr'><strong><em>ὅὲ·τοῢ</em></strong></span> <span class='ocrx_word' id='word_1_43' title='bbox 893 776 989 827; x_wconf 81' lang='grc' dir='ltr'><strong><em>δέω</em></strong></span> <span class='ocrx_word' id='word_1_44' title='bbox 1029 774 1138 827; x_wconf 87' lang='grc' dir='ltr'><strong><em>κατ’</em></strong></span> <span class='ocrx_word' id='word_1_45' title='bbox 1182 774 1380 827; x_wconf 62' lang='grc' dir='ltr'><strong><em>ἔκτασιν</em></strong></span> <span class='ocrx_word' id='word_1_46' title='bbox 1415 769 1549 836; x_wconf 69' lang='grc' dir='ltr'><em>δήω·</em></span> <span class='ocrx_word' id='word_1_47' title='bbox 1585 770 1676 838; x_wconf 79' lang='grc' dir='ltr'><strong><em>ἀφ’</em></strong></span> <span class='ocrx_word' id='word_1_48' title='bbox 1715 764 1775 824; x_wconf 78' lang='grc' dir='ltr'><strong><em>οὗ</em></strong></span> <span class='ocrx_word' id='word_1_49' title='bbox 1803 770 1857 825; x_wconf 85' lang='grc' dir='ltr'><strong><em>τὸ</em></strong></span> <span class='ocrx_word' id='word_1_50' title='bbox 1887 772 2054 841; x_wconf 79' lang='grc' dir='ltr'><strong><em>δῆλος.</em></strong></span> 
     </span>
     <span class='ocr_line' id='line_1_7' title="bbox 467 857 2053 931; baseline -0.004 -14"><span class='ocrx_word' id='word_1_51' title='bbox 467 863 670 917; x_wconf 88' lang='lat' dir='ltr'><strong>Blomf.</strong></span> <span class='ocrx_word' id='word_1_52' title='bbox 713 883 796 915; x_wconf 83' lang='lat' dir='ltr'><strong><em>nr.</em></strong></span> <span class='ocrx_word' id='word_1_53' title='bbox 831 860 1026 912; x_wconf 84' lang='lat' dir='ltr'>XLIII.</span> <span class='ocrx_word' id='word_1_54' title='bbox 1078 861 1200 931; x_wconf 89' lang='lat' dir='ltr'>qui,</span> <span class='ocrx_word' id='word_1_55' title='bbox 1252 879 1424 928; x_wconf 89' lang='lat' dir='ltr'><strong>quum</strong></span> <span class='ocrx_word' id='word_1_56' title='bbox 1465 858 1698 910; x_wconf 84' lang='lat' dir='ltr'>ediderit</span> <span class='ocrx_word' id='word_1_57' title='bbox 1740 857 1833 927; x_wconf 73' lang='grc' dir='ltr'><strong><em>ἐγώ</em></strong></span> <span class='ocrx_word' id='word_1_58' title='bbox 1870 858 1961 924; x_wconf 83' lang='grc' dir='ltr'><strong><em>μὲν</em></strong></span> <span class='ocrx_word' id='word_1_59' title='bbox 1995 860 2053 913; x_wconf 88' lang='grc' dir='ltr'><strong><em>οὗ</em></strong></span> 
     </span>
    </p>

    <p class='ocr_par' dir='ltr' id='par_1_4' title="bbox 333 944 2053 1017">
     <span class='ocr_line' id='line_1_8' title="bbox 333 944 2053 1017; baseline -0.003 -13"><span class='ocrx_word' id='word_1_60' title='bbox 333 953 489 1006; x_wconf 71' lang='grc' dir='ltr'><strong><em>Ριδέω</em></strong></span> <span class='ocrx_word' id='word_1_61' title='bbox 526 974 572 1004; x_wconf 89' lang='grc' dir='ltr'><strong><em>τ.</em></strong></span> <span class='ocrx_word' id='word_1_62' title='bbox 604 973 654 1017; x_wconf 89' lang='grc' dir='ltr'><strong><em>μ.</em></strong></span> <span class='ocrx_word' id='word_1_63' title='bbox 707 959 760 1001; x_wconf 92' lang='lat' dir='ltr'><strong><em>et</em></strong></span> <span class='ocrx_word' id='word_1_64' title='bbox 810 949 1036 1016; x_wconf 84' lang='lat' dir='ltr'><strong>insuper</strong></span> <span class='ocrx_word' id='word_1_65' title='bbox 1087 949 1337 1000; x_wconf 85' lang='lat' dir='ltr'>coniiciat</span> <span class='ocrx_word' id='word_1_66' title='bbox 1384 947 1679 1017; x_wconf 87' lang='lat' dir='ltr'><strong>legendum</strong></span> <span class='ocrx_word' id='word_1_67' title='bbox 1727 944 1820 1015; x_wconf 75' lang='grc' dir='ltr'><strong><em>ἐγώ</em></strong></span> <span class='ocrx_word' id='word_1_68' title='bbox 1861 946 1951 1012; x_wconf 80' lang='grc' dir='ltr'><strong><em>μὲν</em></strong></span> <span class='ocrx_word' id='word_1_69' title='bbox 1996 946 2053 999; x_wconf 83' lang='grc' dir='ltr'><strong><em>οὗ</em></strong></span> 
     </span>
    </p>

    <p class='ocr_par' dir='ltr' id='par_1_5' title="bbox 325 1033 2059 1107">
     <span class='ocr_line' id='line_1_9' title="bbox 325 1033 2059 1107; baseline -0.002 -17"><span class='ocrx_word' id='word_1_70' title='bbox 325 1034 431 1107; x_wconf 78' lang='grc' dir='ltr'><strong><em>δήω</em></strong></span> <span class='ocrx_word' id='word_1_71' title='bbox 472 1067 537 1076; x_wconf 90' lang='grc'><strong>-</strong></span> <span class='ocrx_word' id='word_1_72' title='bbox 575 1065 645 1076; x_wconf 93' lang='grc'><strong>-</strong></span> <span class='ocrx_word' id='word_1_73' title='bbox 694 1035 933 1086; x_wconf 83' lang='lat' dir='ltr'><strong>declarat</strong></span> <span class='ocrx_word' id='word_1_74' title='bbox 979 1055 1034 1088; x_wconf 86' lang='lat' dir='ltr'><strong><em>se</em></strong></span> <span class='ocrx_word' id='word_1_75' title='bbox 1080 1035 1323 1105; x_wconf 80' lang='lat' dir='ltr'>Etymol.</span> <span class='ocrx_word' id='word_1_76' title='bbox 1371 1035 1553 1086; x_wconf 87' lang='lat' dir='ltr'>locum</span> <span class='ocrx_word' id='word_1_77' title='bbox 1591 1034 1929 1105; x_wconf 85' lang='lat' dir='ltr'><strong>negligenter</strong></span> <span class='ocrx_word' id='word_1_78' title='bbox 1967 1033 2059 1093; x_wconf 46' lang='lat' dir='ltr'><strong><em>ine</em></strong></span> 
     </span>
    </p>

    <p class='ocr_par' dir='ltr' id='par_1_6' title="bbox 327 1121 1330 1193">
     <span class='ocr_line' id='line_1_10' title="bbox 327 1121 1330 1193; baseline -0.004 -17"><span class='ocrx_word' id='word_1_79' title='bbox 327 1123 581 1193; x_wconf 72' lang='lat' dir='ltr'><strong>spexisse.</strong></span> <span class='ocrx_word' id='word_1_80' title='bbox 659 1121 743 1175; x_wconf 84' lang='lat' dir='ltr'><strong><em>Cf.</em></strong></span> <span class='ocrx_word' id='word_1_81' title='bbox 784 1122 967 1193; x_wconf 76' lang='lat' dir='ltr'><strong>Etym.</strong></span> <span class='ocrx_word' id='word_1_82' title='bbox 1006 1137 1059 1190; x_wconf 86' lang='lat' dir='ltr'><strong><em>p.</em></strong></span> <span class='ocrx_word' id='word_1_83' title='bbox 1087 1121 1208 1185; x_wconf 77' lang='lat'><strong>265,</strong></span> <span class='ocrx_word' id='word_1_84' title='bbox 1243 1121 1330 1191; x_wconf 80' lang='lat'><strong><em>47.</em></strong></span> 
     </span>
    </p>
   </div>
   <div class='ocr_carea' id='block_1_3' title="bbox 323 1259 2063 2467">
    <p class='ocr_par' dir='ltr' id='par_1_7' title="bbox 324 1259 2059 1690">
     <span class='ocr_line' id='line_1_11' title="bbox 466 1259 2057 1338; baseline -0.002 -16"><span class='ocrx_word' id='word_1_85' title='bbox 466 1266 838 1322; x_wconf 59' lang='grc' dir='ltr'><strong><em>[ΧλΧῑΠΙ.</em></strong></span> <span class='ocrx_word' id='word_1_86' title='bbox 895 1267 1139 1338; x_wconf 80' lang='lat' dir='ltr'><strong>Etymol.</strong></span> <span class='ocrx_word' id='word_1_87' title='bbox 1174 1265 1254 1319; x_wconf 88' lang='lat' dir='ltr'><strong><em>M.</em></strong></span> <span class='ocrx_word' id='word_1_88' title='bbox 1293 1283 1344 1335; x_wconf 88' lang='lat' dir='ltr'><strong><em>p.</em></strong></span> <span class='ocrx_word' id='word_1_89' title='bbox 1379 1266 1504 1329; x_wconf 82' lang='lat'><strong>521,</strong></span> <span class='ocrx_word' id='word_1_90' title='bbox 1540 1267 1625 1320; x_wconf 84' lang='lat'><strong><em>55.</em></strong></span> <span class='ocrx_word' id='word_1_91' title='bbox 1673 1259 1902 1334; x_wconf 78' lang='grc' dir='ltr'><strong><em>κνᾶμψω.</em></strong></span> <span class='ocrx_word' id='word_1_92' title='bbox 1955 1263 2057 1319; x_wconf 82' lang='grc' dir='ltr'><strong><em>ἆπὸ</em></strong></span> 
     </span>
     <span class='ocr_line' id='line_1_12' title="bbox 326 1351 2059 1425; baseline -0.003 -15"><span class='ocrx_word' id='word_1_93' title='bbox 326 1379 416 1410; x_wconf 91' lang='grc' dir='ltr'><strong><em>του</em></strong></span> <span class='ocrx_word' id='word_1_94' title='bbox 467 1378 565 1409; x_wconf 83' lang='grc' dir='ltr'><strong><em>κνω</em></strong></span> <span class='ocrx_word' id='word_1_95' title='bbox 613 1358 802 1425; x_wconf 74' lang='grc' dir='ltr'><strong><em>γίνεται</em></strong></span> <span class='ocrx_word' id='word_1_96' title='bbox 852 1352 1082 1416; x_wconf 75' lang='grc' dir='ltr'><strong><em>κνᾶπτω,</em></strong></span> <span class='ocrx_word' id='word_1_97' title='bbox 1148 1351 1216 1416; x_wconf 70' lang='grc' dir='ltr'><strong><em>ὥς</em></strong></span> <span class='ocrx_word' id='word_1_98' title='bbox 1263 1376 1332 1423; x_wconf 86' lang='grc' dir='ltr'><strong><em>χω</em></strong></span> <span class='ocrx_word' id='word_1_99' title='bbox 1383 1351 1583 1423; x_wconf 79' lang='grc' dir='ltr'><strong><em>χάπτω,</em></strong></span> <span class='ocrx_word' id='word_1_100' title='bbox 1648 1356 1730 1406; x_wconf 81' lang='grc' dir='ltr'><strong><em>καὶ</em></strong></span> <span class='ocrx_word' id='word_1_101' title='bbox 1783 1351 2059 1420; x_wconf 75' lang='grc' dir='ltr'><strong><em>ῥηματικὸν</em></strong></span> 
     </span>
     <span class='ocr_line' id='line_1_13' title="bbox 326 1437 2059 1512; baseline -0.003 -14"><span class='ocrx_word' id='word_1_102' title='bbox 326 1443 483 1512; x_wconf 68' lang='grc' dir='ltr'><strong><em>ὄνομα</em></strong></span> <span class='ocrx_word' id='word_1_103' title='bbox 519 1441 718 1510; x_wconf 81' lang='grc' dir='ltr'><strong><em>κνάφος.</em></strong></span> <span class='ocrx_word' id='word_1_104' title='bbox 766 1445 994 1511; x_wconf 80' lang='grc' dir='ltr'><strong><em>σημαίνει</em></strong></span> <span class='ocrx_word' id='word_1_105' title='bbox 1028 1440 1084 1493; x_wconf 82' lang='grc' dir='ltr'><strong><em>δὲ</em></strong></span> <span class='ocrx_word' id='word_1_106' title='bbox 1123 1441 1178 1493; x_wconf 87' lang='grc' dir='ltr'>τὸ</span> <span class='ocrx_word' id='word_1_107' title='bbox 1214 1440 1508 1502; x_wconf 76' lang='grc' dir='ltr'><strong><em>ἀκανθῶδες</em></strong></span> <span class='ocrx_word' id='word_1_108' title='bbox 1544 1438 1729 1507; x_wconf 88' lang='grc' dir='ltr'><strong><em>φυτὸν,</em></strong></span> <span class='ocrx_word' id='word_1_109' title='bbox 1774 1463 1812 1509; x_wconf 82' lang='grc' dir='ltr'>ῳ</span> <span class='ocrx_word' id='word_1_110' title='bbox 1844 1439 1901 1493; x_wconf 77' lang='grc' dir='ltr'><strong><em>τὰ</em></strong></span> <span class='ocrx_word' id='word_1_111' title='bbox 1929 1437 2059 1492; x_wconf 75' lang='grc' dir='ltr'><strong><em>ἄθι-</em></strong></span> 
     </span>
     <span class='ocr_line' id='line_1_14' title="bbox 325 1523 2057 1598; baseline -0.004 -13"><span class='ocrx_word' id='word_1_112' title='bbox 325 1554 418 1584; x_wconf 87' lang='grc' dir='ltr'><strong><em>κτα</em></strong></span> <span class='ocrx_word' id='word_1_113' title='bbox 448 1537 549 1584; x_wconf 76' lang='grc' dir='ltr'><strong><em>τῶν</em></strong></span> <span class='ocrx_word' id='word_1_114' title='bbox 578 1535 786 1598; x_wconf 79' lang='grc' dir='ltr'><strong><em>ἱματίων</em></strong></span> <span class='ocrx_word' id='word_1_115' title='bbox 821 1526 1142 1596; x_wconf 77' lang='grc' dir='ltr'><strong><em>ἐπισύροντες</em></strong></span> <span class='ocrx_word' id='word_1_116' title='bbox 1178 1527 1568 1597; x_wconf 64' lang='grc' dir='ltr'><strong><em>κατεργάζονται.</em></strong></span> <span class='ocrx_word' id='word_1_117' title='bbox 1632 1526 1905 1589; x_wconf 73' lang='grc' dir='ltr'><strong><em>Ἀλκαῖος,</em></strong></span> <span class='ocrx_word' id='word_1_118' title='bbox 1943 1523 2057 1595; x_wconf 64' lang='lat' dir='ltr'><strong><em>Ma}</em></strong></span> 
     </span>
     <span class='ocr_line' id='line_1_15' title="bbox 324 1610 1915 1690; baseline -0.005 -17"><span class='ocrx_word' id='word_1_119' title='bbox 324 1623 524 1690; x_wconf 71' lang='grc' dir='ltr'><strong><em>μέγαν</em></strong></span> <span class='ocrx_word' id='word_1_120' title='bbox 572 1619 724 1686; x_wconf 83' lang='grc' dir='ltr'><strong><em>περὶ</em></strong></span> <span class='ocrx_word' id='word_1_121' title='bbox 770 1613 1016 1679; x_wconf 81' lang='grc' dir='ltr'><strong><em>κνάφον</em></strong></span> <span class='ocrx_word' id='word_1_122' title='bbox 1061 1618 1472 1682; x_wconf 72' lang='grc' dir='ltr'><strong><em>περιστείχει</em></strong></span> <span class='ocrx_word' id='word_1_123' title='bbox 1516 1618 1625 1666; x_wconf 81' lang='grc' dir='ltr'><strong><em>ἕνα</em></strong></span> <span class='ocrx_word' id='word_1_124' title='bbox 1661 1610 1915 1665; x_wconf 79' lang='grc' dir='ltr'><strong><em>κύκλον.</em></strong></span> 
     </span>
    </p>

    <p class='ocr_par' dir='ltr' id='par_1_8' title="bbox 323 1700 2063 2282">
     <span class='ocr_line' id='line_1_16' title="bbox 466 1700 2061 1770; baseline -0.003 -13"><span class='ocrx_word' id='word_1_125' title='bbox 466 1703 670 1757; x_wconf 76' lang='lat' dir='ltr'><strong>Blnmf.</strong></span> <span class='ocrx_word' id='word_1_126' title='bbox 721 1724 805 1756; x_wconf 84' lang='lat' dir='ltr'><strong><em>nr.</em></strong></span> <span class='ocrx_word' id='word_1_127' title='bbox 845 1700 1048 1752; x_wconf 89' lang='lat' dir='ltr'>XLIV.</span> <span class='ocrx_word' id='word_1_128' title='bbox 1115 1701 1208 1770; x_wconf 91' lang='lat' dir='ltr'><strong><em>qui</em></strong></span> <span class='ocrx_word' id='word_1_129' title='bbox 1258 1716 1358 1768; x_wconf 87' lang='lat' dir='ltr'><strong><em>pro</em></strong></span> <span class='ocrx_word' id='word_1_130' title='bbox 1408 1719 1598 1767; x_wconf 82' lang='grc' dir='ltr'><strong><em>περιστ.</em></strong></span> <span class='ocrx_word' id='word_1_131' title='bbox 1635 1704 1721 1754; x_wconf 83' lang='grc' dir='ltr'><strong><em>ἕνα</em></strong></span> <span class='ocrx_word' id='word_1_132' title='bbox 1757 1722 1801 1751; x_wconf 82' lang='grc' dir='ltr'><strong><em>κ.</em></strong></span> <span class='ocrx_word' id='word_1_133' title='bbox 1841 1700 2061 1754; x_wconf 88' lang='lat' dir='ltr'>coniicit</span> 
     </span>
     <span class='ocr_line' id='line_1_17' title="bbox 323 1784 2058 1861; baseline -0.003 -15"><span class='ocrx_word' id='word_1_134' title='bbox 323 1794 669 1861; x_wconf 79' lang='grc' dir='ltr'><strong><em>περιστρέφειν</em></strong></span> <span class='ocrx_word' id='word_1_135' title='bbox 703 1788 795 1843; x_wconf 80' lang='grc' dir='ltr'><strong><em>ἇνὰ</em></strong></span> <span class='ocrx_word' id='word_1_136' title='bbox 828 1788 1039 1853; x_wconf 85' lang='grc' dir='ltr'><strong><em>κύκλον,</em></strong></span> <span class='ocrx_word' id='word_1_137' title='bbox 1076 1789 1304 1841; x_wconf 84' lang='lat' dir='ltr'>laudans</span> <span class='ocrx_word' id='word_1_138' title='bbox 1333 1787 1571 1858; x_wconf 87' lang='lat' dir='ltr'><strong>Hesych.</strong></span> <span class='ocrx_word' id='word_1_139' title='bbox 1601 1807 1652 1840; x_wconf 88' lang='lat' dir='ltr'><strong><em>v.</em></strong></span> <span class='ocrx_word' id='word_1_140' title='bbox 1682 1784 1874 1852; x_wconf 74' lang='grc' dir='ltr'><strong><em>κνάφου</em></strong></span> <span class='ocrx_word' id='word_1_141' title='bbox 1899 1788 2058 1857; x_wconf 80' lang='grc' dir='ltr'><strong><em>δίκην,</em></strong></span> 
     </span>
     <span class='ocr_line' id='line_1_18' title="bbox 325 1874 2058 1944; baseline -0.003 -11"><span class='ocrx_word' id='word_1_142' title='bbox 325 1891 377 1934; x_wconf 90' lang='lat' dir='ltr'><strong><em>et</em></strong></span> <span class='ocrx_word' id='word_1_143' title='bbox 414 1881 620 1932; x_wconf 87' lang='lat' dir='ltr'>Polluc.</span> <span class='ocrx_word' id='word_1_144' title='bbox 658 1879 736 1938; x_wconf 86' lang='lat' dir='ltr'><strong><em>X,</em></strong></span> <span class='ocrx_word' id='word_1_145' title='bbox 782 1879 895 1930; x_wconf 80' lang='lat'>155.</span> <span class='ocrx_word' id='word_1_146' title='bbox 942 1874 1036 1926; x_wconf 84' lang='grc' dir='ltr'><strong><em>ἆνά</em></strong></span> <span class='ocrx_word' id='word_1_147' title='bbox 1072 1894 1269 1926; x_wconf 85' lang='lat' dir='ltr'><strong>verum</strong></span> <span class='ocrx_word' id='word_1_148' title='bbox 1310 1874 1561 1933; x_wconf 58' lang='lat' dir='ltr'><strong>videtum</strong></span> <span class='ocrx_word' id='word_1_149' title='bbox 1610 1876 1703 1926; x_wconf 87' lang='lat' dir='ltr'><strong><em>sed</em></strong></span> <span class='ocrx_word' id='word_1_150' title='bbox 1742 1877 1934 1944; x_wconf 86' lang='lat' dir='ltr'>quidni</span> <span class='ocrx_word' id='word_1_151' title='bbox 1970 1877 2058 1928; x_wconf 93' lang='lat' dir='ltr'><strong><em>lo-</em></strong></span> 
     </span>
     <span class='ocr_line' id='line_1_19' title="bbox 324 1960 2063 2032; baseline -0.004 -11"><span class='ocrx_word' id='word_1_152' title='bbox 324 1969 601 2022; x_wconf 86' lang='lat' dir='ltr'><strong>cutionem</strong></span> <span class='ocrx_word' id='word_1_153' title='bbox 639 1985 669 2017; x_wconf 84' lang='lat' dir='ltr'>a</span> <span class='ocrx_word' id='word_1_154' title='bbox 709 1984 770 2017; x_wconf 88' lang='lat' dir='ltr'><strong><em>re</em></strong></span> <span class='ocrx_word' id='word_1_155' title='bbox 808 1962 1037 2014; x_wconf 86' lang='lat' dir='ltr'>fullonia</span> <span class='ocrx_word' id='word_1_156' title='bbox 1076 1961 1299 2029; x_wconf 79' lang='lat' dir='ltr'><strong>petitam</strong></span> <span class='ocrx_word' id='word_1_157' title='bbox 1339 1960 1405 2010; x_wconf 86' lang='lat' dir='ltr'><strong><em>ad</em></strong></span> <span class='ocrx_word' id='word_1_158' title='bbox 1446 1961 1593 2013; x_wconf 85' lang='lat' dir='ltr'>aliud</span> <span class='ocrx_word' id='word_1_159' title='bbox 1641 1961 1771 2032; x_wconf 86' lang='lat' dir='ltr'>quid</span> <span class='ocrx_word' id='word_1_160' title='bbox 1822 1971 2063 2015; x_wconf 83' lang='lat' dir='ltr'>transtu-</span> 
     </span>
     <span class='ocr_line' id='line_1_20' title="bbox 323 2046 2056 2124; baseline -0.003 -15"><span class='ocrx_word' id='word_1_161' title='bbox 323 2057 447 2109; x_wconf 86' lang='lat' dir='ltr'><strong>lisse</strong></span> <span class='ocrx_word' id='word_1_162' title='bbox 502 2063 719 2124; x_wconf 75' lang='lat' dir='ltr'><strong>poetam</strong></span> <span class='ocrx_word' id='word_1_163' title='bbox 768 2048 1053 2102; x_wconf 75' lang='lat' dir='ltr'><strong>dieamus?</strong></span> <span class='ocrx_word' id='word_1_164' title='bbox 1119 2046 1263 2099; x_wconf 88' lang='lat' dir='ltr'><strong>Mihi</strong></span> <span class='ocrx_word' id='word_1_165' title='bbox 1311 2065 1444 2098; x_wconf 90' lang='lat' dir='ltr'><strong>vero</strong></span> <span class='ocrx_word' id='word_1_166' title='bbox 1497 2048 1650 2100; x_wconf 83' lang='lat' dir='ltr'>color</span> <span class='ocrx_word' id='word_1_167' title='bbox 1696 2050 1954 2102; x_wconf 85' lang='lat' dir='ltr'>orationis</span> <span class='ocrx_word' id='word_1_168' title='bbox 2004 2061 2056 2103; x_wconf 83' lang='lat' dir='ltr'><strong><em>et</em></strong></span> 
     </span>
     <span class='ocr_line' id='line_1_21' title="bbox 323 2132 2058 2211; baseline -0.003 -16"><span class='ocrx_word' id='word_1_169' title='bbox 323 2142 487 2195; x_wconf 85' lang='lat' dir='ltr'><strong>metri</strong></span> <span class='ocrx_word' id='word_1_170' title='bbox 522 2159 693 2211; x_wconf 84' lang='lat' dir='ltr'><strong>genus</strong></span> <span class='ocrx_word' id='word_1_171' title='bbox 710 2138 980 2190; x_wconf 86' lang='lat' dir='ltr'><strong>Alcaeum</strong></span> <span class='ocrx_word' id='word_1_172' title='bbox 1017 2135 1196 2202; x_wconf 85' lang='lat' dir='ltr'>potius</span> <span class='ocrx_word' id='word_1_173' title='bbox 1223 2132 1517 2186; x_wconf 80' lang='lat' dir='ltr'>comicum</span> <span class='ocrx_word' id='word_1_174' title='bbox 1547 2136 1783 2204; x_wconf 87' lang='lat' dir='ltr'><strong>prodere</strong></span> <span class='ocrx_word' id='word_1_175' title='bbox 1810 2137 2058 2191; x_wconf 76' lang='lat' dir='ltr'><strong>videtur:</strong></span> 
     </span>
     <span class='ocr_line' id='line_1_22' title="bbox 323 2222 1377 2282; baseline -0.009 0"><span class='ocrx_word' id='word_1_176' title='bbox 323 2239 563 2282; x_wconf 88' lang='lat' dir='ltr'><strong>metrum</strong></span> <span class='ocrx_word' id='word_1_177' title='bbox 605 2227 752 2280; x_wconf 87' lang='lat' dir='ltr'><strong>enim</strong></span> <span class='ocrx_word' id='word_1_178' title='bbox 795 2225 1015 2278; x_wconf 81' lang='lat' dir='ltr'><strong>videtur</strong></span> <span class='ocrx_word' id='word_1_179' title='bbox 1050 2222 1377 2275; x_wconf 82' lang='lat' dir='ltr'>iambicum:</span> 
     </span>
    </p>

    <p class='ocr_par' dir='ltr' id='par_1_9' title="bbox 611 2308 1771 2467">
     <span class='ocr_line' id='line_1_23' title="bbox 739 2308 1468 2378; baseline -0.003 -15"><span class='ocrx_word' id='word_1_180' title='bbox 739 2345 810 2353; x_wconf 92' lang='lat'><strong><em>—-</em></strong></span> <span class='ocrx_word' id='word_1_181' title='bbox 846 2341 915 2352; x_wconf 90' lang='lat'><strong><em>-—</em></strong></span> <span class='ocrx_word' id='word_1_182' title='bbox 951 2340 1019 2350; x_wconf 90' lang='lat'>—</span> <span class='ocrx_word' id='word_1_183' title='bbox 1058 2308 1128 2378; x_wconf 82' lang='grc' dir='ltr'><strong><em>μὴ</em></strong></span> <span class='ocrx_word' id='word_1_184' title='bbox 1167 2312 1319 2377; x_wconf 76' lang='grc' dir='ltr'><strong><em>μέγαν</em></strong></span> <span class='ocrx_word' id='word_1_185' title='bbox 1353 2309 1468 2377; x_wconf 74' lang='grc' dir='ltr'><strong><em>περὶ</em></strong></span> 
     </span>
     <span class='ocr_line' id='line_1_24' title="bbox 611 2395 1771 2467; baseline -0.004 -14"><span class='ocrx_word' id='word_1_186' title='bbox 611 2397 799 2466; x_wconf 74' lang='grc' dir='ltr'><strong><em>κνάᾳον</em></strong></span> <span class='ocrx_word' id='word_1_187' title='bbox 833 2397 1104 2467; x_wconf 74' lang='grc' dir='ltr'><strong><em>περιστεῖχ’</em></strong></span> <span class='ocrx_word' id='word_1_188' title='bbox 1147 2396 1240 2450; x_wconf 73' lang='grc' dir='ltr'><strong><em>ἀντὶ</em></strong></span> <span class='ocrx_word' id='word_1_189' title='bbox 1271 2395 1455 2449; x_wconf 83' lang='grc' dir='ltr'><strong><em>κύκλον</em></strong></span> <span class='ocrx_word' id='word_1_190' title='bbox 1493 2426 1560 2436; x_wconf 95' lang='grc'><strong>-</strong></span> <span class='ocrx_word' id='word_1_191' title='bbox 1601 2427 1664 2437; x_wconf 91' lang='grc'>-</span> <span class='ocrx_word' id='word_1_192' title='bbox 1702 2427 1771 2439; x_wconf 90' lang='lat'><strong><em>—-</em></strong></span> 
     </span>
    </p>
   </div>
   <div class='ocr_carea' id='block_1_4' title="bbox 323 2543 2058 3223">
    <p class='ocr_par' dir='ltr' id='par_1_10' title="bbox 323 2543 2058 2791">
     <span class='ocr_line' id='line_1_25' title="bbox 467 2543 2058 2615; baseline 0.001 -18"><span class='ocrx_word' id='word_1_193' title='bbox 467 2545 793 2598; x_wconf 57' lang='lat' dir='ltr'><strong><em>LXXXLK.</em></strong></span> <span class='ocrx_word' id='word_1_194' title='bbox 858 2543 1099 2615; x_wconf 69' lang='lat' dir='ltr'>Etymol.</span> <span class='ocrx_word' id='word_1_195' title='bbox 1137 2543 1217 2595; x_wconf 90' lang='lat' dir='ltr'><strong><em>M.</em></strong></span> <span class='ocrx_word' id='word_1_196' title='bbox 1270 2559 1316 2610; x_wconf 84' lang='lat' dir='ltr'><strong><em>p.</em></strong></span> <span class='ocrx_word' id='word_1_197' title='bbox 1357 2545 1488 2615; x_wconf 62' lang='lat'><strong><em>6393</em></strong></span> <span class='ocrx_word' id='word_1_198' title='bbox 1526 2545 1611 2598; x_wconf 74' lang='lat'><strong><em>51.</em></strong></span> <span class='ocrx_word' id='word_1_199' title='bbox 1660 2543 1818 2596; x_wconf 83' lang='grc' dir='ltr'><strong><em>αὐτοῦ</em></strong></span> <span class='ocrx_word' id='word_1_200' title='bbox 1864 2544 1918 2598; x_wconf 80' lang='grc' dir='ltr'><strong><em>δὲ</em></strong></span> <span class='ocrx_word' id='word_1_201' title='bbox 1968 2550 2058 2599; x_wconf 79' lang='grc' dir='ltr'><strong><em>τοῦ</em></strong></span> 
     </span>
     <span class='ocr_line' id='line_1_26' title="bbox 326 2630 2057 2704; baseline 0 -17"><span class='ocrx_word' id='word_1_202' title='bbox 326 2633 489 2696; x_wconf 80' lang='grc' dir='ltr'><strong><em>οὐδεὶς</em></strong></span> <span class='ocrx_word' id='word_1_203' title='bbox 528 2631 584 2686; x_wconf 83' lang='grc' dir='ltr'><strong><em>τό</em></strong></span> <span class='ocrx_word' id='word_1_204' title='bbox 623 2633 885 2700; x_wconf 78' lang='grc' dir='ltr'><strong><em>οὐδέτερον</em></strong></span> <span class='ocrx_word' id='word_1_205' title='bbox 932 2631 1040 2685; x_wconf 85' lang='grc' dir='ltr'><strong><em>δὲν</em></strong></span> <span class='ocrx_word' id='word_1_206' title='bbox 1088 2631 1232 2700; x_wconf 81' lang='grc' dir='ltr'><strong><em>χωρὶς</em></strong></span> <span class='ocrx_word' id='word_1_207' title='bbox 1281 2634 1370 2700; x_wconf 80' lang='grc' dir='ltr'><strong><em>τῆς</em></strong></span> <span class='ocrx_word' id='word_1_208' title='bbox 1409 2630 1479 2684; x_wconf 85' lang='grc' dir='ltr'><strong><em>οὗ</em></strong></span> <span class='ocrx_word' id='word_1_209' title='bbox 1518 2635 1849 2700; x_wconf 76' lang='grc' dir='ltr'><strong><em>παραθέσεως</em></strong></span> <span class='ocrx_word' id='word_1_210' title='bbox 1888 2635 2057 2704; x_wconf 66' lang='grc' dir='ltr'><strong><em>ἔχομεν</em></strong></span> 
     </span>
     <span class='ocr_line' id='line_1_27' title="bbox 323 2713 1236 2791; baseline -0.007 -17"><span class='ocrx_word' id='word_1_211' title='bbox 323 2720 458 2791; x_wconf 78' lang='grc' dir='ltr'><strong><em>παρὰ</em></strong></span> <span class='ocrx_word' id='word_1_212' title='bbox 493 2725 562 2790; x_wconf 75' lang='grc' dir='ltr'><strong><em>τῷ</em></strong></span> <span class='ocrx_word' id='word_1_213' title='bbox 591 2720 822 2789; x_wconf 77' lang='grc' dir='ltr'><strong><em>Ἀλκαῖῳ</em></strong></span> <span class='ocrx_word' id='word_1_214' title='bbox 866 2721 921 2772; x_wconf 82' lang='grc' dir='ltr'><strong><em>ἕν</em></strong></span> <span class='ocrx_word' id='word_1_215' title='bbox 958 2723 1026 2788; x_wconf 75' lang='grc' dir='ltr'><strong><em>τῷ</em></strong></span> <span class='ocrx_word' id='word_1_216' title='bbox 1063 2713 1236 2786; x_wconf 78' lang='grc' dir='ltr'><strong><em>ἐνάτῳ,</em></strong></span> 
     </span>
    </p>

    <p class='ocr_par' dir='ltr' id='par_1_11' title="bbox 323 2801 2052 3223">
     <span class='ocr_line' id='line_1_28' title="bbox 669 2801 1396 2873; baseline -0.003 -14"><span class='ocrx_word' id='word_1_217' title='bbox 669 2807 848 2859; x_wconf 79' lang='grc' dir='ltr'><strong><em>κούδὲν</em></strong></span> <span class='ocrx_word' id='word_1_218' title='bbox 898 2808 953 2858; x_wconf 81' lang='grc' dir='ltr'><strong><em>ἐκ</em></strong></span> <span class='ocrx_word' id='word_1_219' title='bbox 1005 2801 1140 2865; x_wconf 78' lang='grc' dir='ltr'><strong><em>δενὸς</em></strong></span> <span class='ocrx_word' id='word_1_220' title='bbox 1189 2806 1396 2873; x_wconf 81' lang='grc' dir='ltr'><strong><em>γένοιτο.</em></strong></span> 
     </span>
     <span class='ocr_line' id='line_1_29' title="bbox 323 2892 2051 2964; baseline -0.002 -17"><span class='ocrx_word' id='word_1_221' title='bbox 323 2893 525 2948; x_wconf 86' lang='lat' dir='ltr'><strong>Blomf.</strong></span> <span class='ocrx_word' id='word_1_222' title='bbox 564 2914 647 2946; x_wconf 84' lang='lat' dir='ltr'><strong><em>nr.</em></strong></span> <span class='ocrx_word' id='word_1_223' title='bbox 676 2894 805 2946; x_wconf 82' lang='lat' dir='ltr'><strong><em>XV.</em></strong></span> <span class='ocrx_word' id='word_1_224' title='bbox 867 2893 986 2945; x_wconf 83' lang='lat' dir='ltr'><strong><em>MS.</em></strong></span> <span class='ocrx_word' id='word_1_225' title='bbox 1019 2892 1260 2945; x_wconf 86' lang='lat' dir='ltr'><strong>Dorvill.</strong></span> <span class='ocrx_word' id='word_1_226' title='bbox 1290 2895 1435 2964; x_wconf 83' lang='lat' dir='ltr'>apud</span> <span class='ocrx_word' id='word_1_227' title='bbox 1464 2894 1635 2947; x_wconf 86' lang='lat' dir='ltr'>Gaisf.</span> <span class='ocrx_word' id='word_1_228' title='bbox 1667 2896 1732 2948; x_wconf 83' lang='lat' dir='ltr'><strong><em>ad</em></strong></span> <span class='ocrx_word' id='word_1_229' title='bbox 1760 2893 2051 2963; x_wconf 85' lang='lat' dir='ltr'><strong>Hephaest.</strong></span> 
     </span>
     <span class='ocr_line' id='line_1_30' title="bbox 325 2977 2052 3049; baseline 0 -16"><span class='ocrx_word' id='word_1_230' title='bbox 325 2997 376 3048; x_wconf 87' lang='lat' dir='ltr'><strong><em>p.</em></strong></span> <span class='ocrx_word' id='word_1_231' title='bbox 416 2983 535 3048; x_wconf 77' lang='lat'><strong><em>557.</em></strong></span> <span class='ocrx_word' id='word_1_232' title='bbox 584 2981 745 3034; x_wconf 83' lang='lat' dir='ltr'><strong>habet</strong></span> <span class='ocrx_word' id='word_1_233' title='bbox 793 2983 875 3032; x_wconf 81' lang='grc' dir='ltr'><strong><em>καί</em></strong></span> <span class='ocrx_word' id='word_1_234' title='bbox 913 2978 961 3031; x_wconf 78' lang='grc' dir='ltr'><strong><em>κ’</em></strong></span> <span class='ocrx_word' id='word_1_235' title='bbox 1005 2977 1151 3031; x_wconf 76' lang='grc' dir='ltr'><strong><em>οὐδὲν</em></strong></span> <span class='ocrx_word' id='word_1_236' title='bbox 1188 2981 1242 3030; x_wconf 79' lang='grc' dir='ltr'><strong><em>ἐκ</em></strong></span> <span class='ocrx_word' id='word_1_237' title='bbox 1279 2980 1416 3043; x_wconf 80' lang='grc' dir='ltr'><strong><em>δενὸς</em></strong></span> <span class='ocrx_word' id='word_1_238' title='bbox 1451 2984 1657 3049; x_wconf 68' lang='grc' dir='ltr'><strong><em>γένοιτο.</em></strong></span> <span class='ocrx_word' id='word_1_239' title='bbox 1718 2993 1875 3034; x_wconf 83' lang='lat' dir='ltr'><strong>recte.</strong></span> <span class='ocrx_word' id='word_1_240' title='bbox 1956 2982 2052 3033; x_wconf 88' lang='lat' dir='ltr'><strong><em>Est</em></strong></span> 
     </span>
     <span class='ocr_line' id='line_1_31' title="bbox 323 3067 2052 3139; baseline 0 -19"><span class='ocrx_word' id='word_1_241' title='bbox 323 3068 586 3120; x_wconf 87' lang='lat' dir='ltr'>iambicus</span> <span class='ocrx_word' id='word_1_242' title='bbox 621 3069 856 3121; x_wconf 77' lang='lat' dir='ltr'><strong>dimeter</strong></span> <span class='ocrx_word' id='word_1_243' title='bbox 892 3067 1386 3137; x_wconf 75' lang='lat' dir='ltr'><strong>hypercatalectuS,</strong></span> <span class='ocrx_word' id='word_1_244' title='bbox 1432 3071 1604 3139; x_wconf 85' lang='lat' dir='ltr'>qualis</span> <span class='ocrx_word' id='word_1_245' title='bbox 1641 3071 1828 3122; x_wconf 85' lang='lat' dir='ltr'><strong>tertius</strong></span> <span class='ocrx_word' id='word_1_246' title='bbox 1864 3088 2052 3121; x_wconf 85' lang='lat' dir='ltr'><strong>versus</strong></span> 
     </span>
     <span class='ocr_line' id='line_1_32' title="bbox 327 3155 1039 3223; baseline -0.007 -15"><span class='ocrx_word' id='word_1_247' title='bbox 327 3164 404 3208; x_wconf 90' lang='lat' dir='ltr'><strong><em>est</em></strong></span> <span class='ocrx_word' id='word_1_248' title='bbox 437 3155 497 3208; x_wconf 90' lang='lat' dir='ltr'><strong><em>in</em></strong></span> <span class='ocrx_word' id='word_1_249' title='bbox 535 3155 760 3223; x_wconf 81' lang='lat' dir='ltr'>stropha</span> <span class='ocrx_word' id='word_1_250' title='bbox 795 3155 1039 3208; x_wconf 85' lang='lat' dir='ltr'><strong>Alcaica.</strong></span> 
     </span>
    </p>
   </div>
   <div class='ocr_carea' id='block_1_5' title="bbox 324 3297 2047 3459">
    <p class='ocr_par' dir='ltr' id='par_1_12' title="bbox 324 3297 2047 3459">
     <span class='ocr_line' id='line_1_33' title="bbox 466 3297 2046 3368; baseline 0.001 -16"><span class='ocrx_word' id='word_1_251' title='bbox 466 3299 585 3353; x_wconf 88' lang='lat' dir='ltr'><strong><em>XC.</em></strong></span> <span class='ocrx_word' id='word_1_252' title='bbox 649 3299 1087 3368; x_wconf 83' lang='lat' dir='ltr'>Harpocration,</span> <span class='ocrx_word' id='word_1_253' title='bbox 1127 3299 1348 3364; x_wconf 80' lang='lat' dir='ltr'>SuidaS,</span> <span class='ocrx_word' id='word_1_254' title='bbox 1385 3297 1628 3351; x_wconf 88' lang='lat' dir='ltr'><strong>Photius.</strong></span> <span class='ocrx_word' id='word_1_255' title='bbox 1682 3300 1942 3353; x_wconf 77' lang='grc' dir='ltr'><strong><em>Σκυθικαὶ</em></strong></span> <span class='ocrx_word' id='word_1_256' title='bbox 1977 3299 2046 3353; x_wconf 87' lang='grc' dir='ltr'><strong><em>εἶ-</em></strong></span> 
     </span>
     <span class='ocr_line' id='line_1_34' title="bbox 324 3382 2047 3459; baseline 0 -20"><span class='ocrx_word' id='word_1_257' title='bbox 324 3382 410 3448; x_wconf 82' lang='grc' dir='ltr'><strong><em>δός</em></strong></span> <span class='ocrx_word' id='word_1_258' title='bbox 455 3407 505 3441; x_wconf 80' lang='grc' dir='ltr'><strong><em>τι</em></strong></span> <span class='ocrx_word' id='word_1_259' title='bbox 549 3382 877 3456; x_wconf 80' lang='grc' dir='ltr'><strong><em>ὖποδῆματός</em></strong></span> <span class='ocrx_word' id='word_1_260' title='bbox 921 3390 1073 3453; x_wconf 79' lang='grc' dir='ltr'><strong><em>εἰσιν,</em></strong></span> <span class='ocrx_word' id='word_1_261' title='bbox 1129 3385 1199 3450; x_wconf 77' lang='grc' dir='ltr'><strong><em>ὥς</em></strong></span> <span class='ocrx_word' id='word_1_262' title='bbox 1234 3385 1485 3450; x_wconf 81' lang='grc' dir='ltr'><strong><em>Ἀλκαῖος</em></strong></span> <span class='ocrx_word' id='word_1_263' title='bbox 1527 3388 1584 3440; x_wconf 81' lang='grc' dir='ltr'><strong><em>ἐν</em></strong></span> <span class='ocrx_word' id='word_1_264' title='bbox 1620 3385 1652 3452; x_wconf 82' lang='grc' dir='ltr'>ή</span> <span class='ocrx_word' id='word_1_265' title='bbox 1710 3387 1925 3459; x_wconf 73' lang='lat' dir='ltr'>(Hatp.</span> <span class='ocrx_word' id='word_1_266' title='bbox 1961 3386 2047 3439; x_wconf 80' lang='grc' dir='ltr'><strong><em>καὶ</em></strong></span> 
     </span>
    </p>
   </div>
  </div>
 </body>
</html>
