2293 3650
1002 243 1082 300 17

180 393 270 449 τὸν
310 396 402 464 τῆς
442 395 654 463 Λέσβου
701 388 958 465 τύραννον.
1044 393 1197 449 Suid.
1239 393 1301 449 in
1347 402 1401 449 vi
1447 389 1720 461 Πιττακὸς.
1789 396 1900 454 Al-

180 500 338 535 caeus
371 481 568 533 Pittaci
613 479 870 535 inimicus
906 482 1040 535 haec
1074 481 1134 534 in
1170 481 1391 536 laudem
1416 484 1727 539 Melanchri
1761 487 1901 540 scri-

178 564 343 641 psisse
379 568 610 621 videtur.
677 568 828 622 Vide
865 570 935 621 D’
964 569 1189 622 Orvillii
1225 569 1410 623 Vann.
1445 572 1564 625 crit.
1596 593 1651 646 p.
1685 573 1808 646 459.
1846 583 1903 628 et
1974 630 1978 635 .

175 654 486 709 Bentleium
524 657 750 709 Dissert.
790 657 1062 709 Phalarid.
1112 674 1166 726 p.
1204 658 1289 710 53.
1340 658 1422 709 ed.
1461 661 1612 731 1699.
1660 666 1750 734 (p.
1782 663 1902 716 165.

177 743 261 795 ed.
298 743 526 814 LiPS.)“
560 747 821 795 Hotclzkis
861 763 946 814 ap.
987 742 1161 795 Gaisf.
1208 744 1358 807 αῖδῶς
1393 745 1428 797 i.
1468 766 1516 802 e.
1552 747 1727 810 αἰδοῦς
1762 749 1904 803 scri-

173 829 284 900 psit
343 829 516 882 Gaisf.
577 843 789 884 secutus
846 830 1110 882 Vossium
1167 830 1237 883 ad
1299 831 1500 885 Catull.
1557 850 1614 904 p.
1666 836 1781 890 118.
1847 847 1902 891 et

86 977 94 985 ⁸
170 914 243 966 D’
270 915 470 969 Orvill.
503 918 539 970 l.
577 938 620 971 c.
690 918 951 970 Moschus
998 918 1071 970 id.
1109 918 1160 980 6,
1203 936 1247 970 1.
1296 916 1395 989 ἤρα
1430 917 1548 973 Πὰν
1576 920 1746 992 Ἀχῶς.
1813 923 1903 977 Cf.

174 1002 426 1055 Gratum.
465 1023 546 1074 gr.
611 1005 657 1073 §.
701 1024 783 1076 79,
817 1008 869 1061 5.
951 1007 1081 1058 Huc
1127 1005 1354 1058 fortasse
1390 1017 1594 1078 spectat
1639 1009 1903 1065 Scholion

172 1088 387 1141 Victor.
422 1101 473 1143 et
509 1091 726 1145 Townl.
764 1094 830 1145 ad
881 1093 947 1145 ll.
983 1091 1045 1163 χ’,
1083 1095 1203 1148 552.
1257 1092 1325 1144 ab
1361 1093 1586 1164 Heynio
1632 1098 1703 1150 Τ.
1739 1098 1902 1151 VIII.

170 1195 227 1246 p.
264 1179 382 1231 510.
431 1179 666 1231 editum:
706 1184 837 1244 σῶς,
884 1179 1016 1241 τινὲς
1053 1183 1108 1233 ἐκ
1141 1184 1233 1232 τοῦ
1272 1175 1406 1241 σόος.
1468 1181 1586 1233 ἄλλ’
1627 1185 1730 1238 ἔδει
1763 1190 1901 1247 σοῢς.

102 1257 110 1275 ‘
168 1262 300 1326 τινὲς
336 1263 391 1318 δὲ
438 1264 539 1319 ἆπὸ
578 1270 670 1319 τοῦ
708 1263 846 1329 σαὸς.
916 1263 1150 1326 Ἀλκαῖος
1187 1265 1244 1319 δὲ
1288 1268 1372 1320 καὶ
1406 1264 1470 1320 τὰ
1511 1263 1606 1321 δύο
1651 1289 1709 1322 oo
1754 1273 1827 1340 εἷς
1862 1291 1902 1322 ω

166 1350 468 1418 συναλείφει.
565 1354 727 1421 Quae
763 1361 1098 1423 sequuntur,
1149 1353 1218 1405 de
1261 1353 1329 1407 iis
1367 1371 1599 1417 vereor,
1657 1363 1721 1408 ut
1753 1364 1903 1409 recte

164 1436 353 1507 Heyn.
415 1437 759 1495 iudicaverit.
856 1439 1251 1494 Melanchrum
1304 1439 1662 1495 interfectum
1716 1450 1904 1496 narrat

165 1521 319 1577 Suid.
356 1524 450 1579 Ol.
488 1525 574 1580 42.

304 1696 465 1751 VIII.
504 1698 702 1752 Strabo
738 1697 906 1752 XHI.
944 1717 1001 1770 p.
1039 1699 1159 1768 617.
1205 1702 1350 1771 (917.
1384 1699 1622 1768 Almel.)
1661 1701 1729 1755 de
1763 1703 1902 1773 My-

164 1783 335 1838 tilene
366 1786 533 1838 urbez
566 1784 749 1854 ἄνδρας
785 1784 835 1837 δ’
857 1785 995 1856 ἔσχεν
1030 1782 1264 1848 ἐνδόξους
1297 1785 1356 1840 τὸ
1391 1786 1611 1842 παλαιὸν
1644 1788 1735 1855 μὲν
1759 1795 1902 1844 Πιτ-

165 1869 344 1938 τακὸν,
395 1875 482 1924 ἕνα
516 1874 614 1925 τῶν
649 1869 778 1923 ἑπτά
809 1876 1008 1938 σοφῶν,
1053 1871 1138 1923 καὶ
1173 1868 1264 1923 τὸν
1297 1869 1519 1941 ποιητὴν
1544 1873 1783 1928 Ἀλκαῖον
1814 1878 1900 1932 καὶ

164 1959 252 2012 τόν
296 1957 514 2027 ἆδελφὸν
553 1957 923 2026 Ἀντιμενίδαν,
975 1955 1033 2010 ὃν
1076 1958 1234 2027 φησὶν
1266 1956 1503 2019 Ἀλκαῖος
1548 1959 1900 2029 Βαβυλωνίοις

163 2052 515 2118 συμμαχοῦντα
551 2046 749 2098 τελέσαι
785 2049 935 2114 μέγαν
969 2039 1140 2097 ἆθλον
1174 2046 1258 2098 καὶ
1295 2048 1353 2098 ἐκ
1389 2045 1557 2100 πόνων
1590 2046 1777 2110 αὐτοὺς
1808 2045 1903 2118 ῥύ-

164 2137 387 2199 σασθαι,
425 2137 680 2186 κτείνοντα
715 2131 870 2200 ἄνδρα
901 2134 1174 2201 μαχαίταν,
1214 2129 1282 2193 ὥς
1317 2155 1470 2203 φησι,
1500 2134 1762 2202 βασιλήων
1794 2158 1899 2191 πα-

163 2219 396 2286 λαιστὰν,
442 2219 763 2274 ἀπολιπόντα
796 2215 949 2285 μόνον
983 2219 1126 2270 ἀνίαν
1163 2219 1216 2272 τ’
1234 2219 1390 2291 ἀχέων
1424 2220 1792 2297 ἀποπέμπων..

303 2323 495 2376 Ursin.
529 2343 585 2396 p.
629 2341 746 2392 107.
795 2321 1002 2376 Blomf.
1041 2331 1165 2395 post
1198 2321 1271 2375 fr.
1305 2323 1648 2378 LXXXVI.
1681 2345 1737 2399 p.
1772 2326 1897 2384 444.

164 2411 319 2481 (555.
355 2411 545 2487 LiPS.)
595 2411 690 2484 qui
726 2411 804 2466 ita
849 2429 1042 2465 versus
1084 2407 1375 2464 restituere
1415 2427 1575 2481 posse
1608 2411 1716 2469 sibi
1749 2414 1894 2470 visus

165 2509 245 2551 est
261 2520 274 2549 ε

721 2567 921 2623 τέλεσεν
951 2567 1106 2636 μέγαν
1139 2560 1325 2631 ἆθλον,

449 2654 546 2708 κάκ
580 2652 751 2708 πόνων
786 2655 876 2722 σφ’
910 2651 1144 2724 ἐρύσατο,

446 2745 652 2796 κτείνων
685 2742 841 2811 ἄνδρα
880 2745 1061 2811 μαχαί-

447 2850 571 2896 ταν,
608 2829 830 2900 βασιλῆα
859 2826 1157 2894 παλαιστὰν,

446 2914 549 2969 ἆπὸ
589 2916 759 2986 λοιγόν
793 2916 846 2970 τ’
872 2912 1075 2985 ἀμύνων

449 3003 591 3057 ὀνίαν
623 3003 675 3056 τ’
703 3004 861 3074 ἆχέων
893 3004 1224 3072 ἀποπέμπων.

163 3088 264 3144 aab
299 3089 465 3161 λοιγὸν
501 3088 700 3157 ἀμύνων
739 3111 808 3144 ex
841 3092 907 3145 11.
949 3091 1015 3154 α’,
1049 3094 1134 3163 67.
1171 3092 1311 3145 ὀνίαν
1347 3108 1454 3162 pro
1497 3090 1670 3158 ἇνίαν,
1730 3102 1793 3146 ut
1827 3092 1886 3146 in

163 3175 360 3247 fragm.
395 3180 642 3233 LXXII.
688 3180 1017 3233 Orationem
1052 3190 1259 3233 rectam
1302 3177 1500 3246 fuisse,
1548 3179 1643 3233 ubi
1689 3178 1885 3231 Strabo

165 3261 464 3318 infinitivos
508 3266 785 3338 posuerit,
845 3267 936 3321 vel
992 3285 1064 3320 ex
1109 3267 1307 3320 ultimo
1364 3264 1684 3333 ἀποπέμπων
1716 3273 1880 3336 patet.

162 3347 283 3421 Ego
330 3349 688 3408 choriambici.
733 3354 899 3408 metri
947 3352 1208 3424 reliquias
1263 3371 1561 3424 agnoscere
1605 3347 1745 3402 mihi
1795 3347 1885 3403 vi·-

1261 3451 1309 3537 Β.
