2293 3650
1009 297 1089 362 43

333 452 519 507 Ursin.
553 471 605 524 p.
637 470 750 505 ιιι.
798 452 1043 525 Lycum,
1079 456 1345 509 amasium
1372 455 1592 523 Alcaei,
1631 475 1794 529 quem
1817 468 1916 528 ,ni-
1993 453 2000 461 ’

191 547 310 611 gris
346 544 510 591 oculis
546 545 801 609 nigroque
837 547 983 592 crine
1017 543 1260 593 decorum
1301 555 1519 598 caneret
1553 555 1741 618 poeta,
1794 565 1913 600 me-

201 637 379 680 morat
414 628 608 680 Horat.
645 627 827 680 Carm.
865 628 919 692 Ι,
958 630 1054 689 52,
1095 645 1142 695 7.
1196 629 1289 681 ubi
1333 631 1550 684 Mitsch.
1600 633 1668 685 ad
1709 634 1811 685 ista
1855 633 1917 686 in

195 712 412 784 Lycum
465 714 708 767 carmina
754 715 1055 786 respexisse
1102 711 1296 764 Cicero
1346 717 1580 772 videtur.
1668 724 1818 788 Quae
1857 721 1920 770 de

196 806 442 852 iuuenum
478 821 654 853 amore
691 803 878 852 scribit
909 802 1182 850 Alcaeus?
1233 799 1410 870 inquit
1445 802 1556 854 Cic.
1588 805 1751 857 Tusc.
1781 805 1918 878 disp.

195 885 299 951 IV,
347 889 430 943 53.
517 887 604 941 Cf.
641 887 820 938 Schol.
860 885 1020 938 Pind.
1059 886 1247 939 Isthm.
1287 888 1372 951 ΙΙ,
1423 907 1467 941 ι.
1561 890 1812 944 Fortasse
1859 894 1921 944 in

194 972 388 1026 Alcaei
423 975 636 1027 amasiis
671 973 776 1027 fuit
809 973 1177 1040 Dinomenes,
1215 991 1380 1044 quem
1419 988 1817 1058 commemorat
1850 977 1921 1031 fr.

194 1059 323 1114 LX.
359 1061 551 1115 LXX.

440 1200 945 1254 FRAGMENTA
994 1201 1393 1256 INCERTAE
1443 1204 1675 1260 SEDIS.

332 1303 548 1358 XLIV.
616 1303 797 1356 Schol.
847 1302 1016 1376 Soph.
1069 1304 1209 1357 Oed.
1256 1306 1329 1359 Τ.
1383 1307 1498 1361 156.
1560 1327 1598 1373 φ
1626 1327 1652 1360 ο
1677 1312 1715 1377 β
1739 1329 1764 1362 ε
1789 1329 1818 1379 ρ
1843 1309 1873 1362 ὰ
1897 1331 1925 1364 ν

195 1411 232 1460 φ
255 1414 284 1462 ρ
309 1393 334 1444 ε’
359 1412 386 1445 ν
411 1413 475 1455 α,
521 1388 615 1461 τὴν
650 1395 944 1463 περίφοβον.
1006 1392 1091 1445 καὶ
1118 1390 1377 1455 Ἀλκαῖος·
1427 1392 1641 1464 ἐλάφῳ
1678 1395 1745 1448 δὲ
1778 1393 1928 1467 βρό-

194 1498 304 1546 μος
340 1480 403 1530 ἐν
438 1476 727 1548 στήθεσι
763 1475 914 1547 φύει
950 1474 1278 1548 φοβερός,
1316 1479 1428 1533 ἀντὶ
1465 1484 1555 1533 τοῦ
1591 1486 1883 1552 περίφοβος.

333 1580 521 1633 Ursin.
558 1601 612 1653 p.
646 1583 760 1634 105.
811 1583 1014 1635 Bloms.
1050 1602 1136 1636 nr.
1171 1582 1391 1636 XLIX.
1438 1577 1557 1650 φύει
1593 1585 1689 1638 vix
1727 1605 1926 1640 verum

147 1682 154 1691 ·
195 1675 304 1730 est3
339 1685 525 1719 sensus
563 1667 715 1719 enim
753 1668 989 1737 requirit
1024 1665 1206 1734 φύεται
1241 1668 1330 1719 vel
1365 1670 1490 1734 ἐ’φυ,·
1539 1679 1686 1735 tum,
1727 1673 1773 1724 si
1807 1692 1930 1726 me-

198 1761 347 1804 trum
385 1753 821 1806 choriambicum
855 1763 962 1817 est,
1011 1754 1162 1805 cuius
1200 1762 1346 1806 certe
1379 1756 1507 1807 satis
1546 1758 1833 1812 manifesta
1867 1761 1929 1814 in

195 1837 280 1889 his
319 1840 497 1892 verbis
533 1840 721 1892 insunt
756 1840 1009 1909 vestigia,
1067 1849 1308 1891 metrum
1348 1843 1558 1912 respuit
1590 1840 1707 1910 φύει
1739 1848 1930 1917 priore

199 1925 370 1978 brevi.
471 1926 533 1980 Si
579 1926 847 1999 scriptum
900 1934 1036 1978 esset
1082 1929 1260 1978 πίπτει
1307 1943 1412 1996 pro
1463 1923 1616 1995 φύει,
1686 1941 1927 1988 metrum

198 2011 304 2065 hoc
342 2023 479 2068 esset

513 2111 599 2167 [-]
629 2131 744 2154 ...-
770 2111 777 2165 ι
806 2107 992 2163 -υυ-ι
1021 2126 1175 2148 -w-
1200 2108 1210 2164 ι
1237 2117 1412 2150 -..2

200 2210 402 2263 Blomf.
442 2211 581 2264 coni.
617 2210 798 2281 τρόμος
828 2229 931 2282 pro
967 2204 1155 2278 βρόμος
1192 2219 1243 2262 et
1277 2204 1458 2276 φύεται
1488 2229 1591 2282 pro
1626 2209 1770 2280 φύει,
1816 2219 1926 2284 sed,

201 2297 383 2360 addit,
428 2307 686 2350 neutrum
724 2297 926 2349 horum
960 2295 1151 2367 placet.

339 2437 526 2492 XLV.
587 2438 769 2491 Schol.
807 2437 976 2509 Soph.
1014 2434 1157 2490 Oed.
1195 2434 1257 2489 C.
1297 2435 1416 2507 954.
1453 2438 1539 2493 ed.
1573 2438 1765 2494 Elmsl.
1826 2444 1929 2512 (cf.

204 2526 388 2579 Schol.
430 2525 574 2579 Ven.
611 2526 681 2578 ad
730 2526 793 2577 ll.
832 2529 886 2586 ε’,
928 2541 1048 2595 792.
1102 2522 1253 2574 Suid.
1293 2540 1346 2574 v.
1385 2524 1553 2591 θυμός
1597 2525 1926 2599 ἕπταβόειος)

204 2617 428 2681 θυμοῦ
476 2612 585 2682 γὰρ
635 2610 831 2665 οὐδὲν
888 2616 1084 2681 γῆρας
1145 2609 1324 2661 ἐστὶν
1373 2607 1528 2666 ἄλλο
1585 2613 1754 2682 πλήν
1812 2622 1930 2672 Θα-

205 2709 369 2753 νεῖν·
417 2697 763 2752 θανόντων
798 2697 848 2752 δ’
889 2696 1083 2750 οῦδὲν
1116 2692 1311 2764 ἄλγος
1346 2691 1641 2752 ἅπτεται.
1695 2703 1803 2755 οἷον
1837 2705 1930 2760 οὐκ

202 2787 322 2852 ἔστι,
348 2788 473 2856 φησὶ
496 2786 595 2857 (sic
618 2787 780 2838 etiam
797 2784 947 2837 Suid.
968 2783 1091 2835 Sch.
1108 2780 1224 2851 V.)‚
1256 2784 1432 2850 θυμοῦ
1455 2790 1701 2855 κρατῆσαι
1722 2787 1931 2861 ἄνθρω-

204 2895 302 2927 πον
337 2872 473 2927 ὄντα.
529 2872 587 2926 οὗ
623 2867 982 2940 καταγηράσκει
1015 2866 1072 2922 τὸ
1107 2865 1244 2935 ὠμὸν
1270 2873 1362 2921 τοῦ
1388 2873 1563 2936 θυμοῦ
1574 2911 1591 2934 ,
1626 2874 1762 2943 εἰμὴ
1789 2878 1931 2942 ἕξέλ-

204 2963 302 3014 θοι
349 2959 534 3030 (Suid.
572 2959 697 3013 Sch.
734 2957 806 3012 V.
853 2956 1080 3026 ἐξέλθῃ)
1116 2959 1207 3008 τοῦ
1242 2957 1360 3023 βίου
1394 2953 1420 3008 ὃ
1456 2955 1754 3027 ἄνθρωπος·
1802 2961 1932 3019 ἀδύ-

206 3068 355 3102 νατον
388 3044 478 3117 γάρ
516 3049 622 3100 ἐστι
654 3048 812 3109 ζῶντα
848 3044 1021 3114 (Suid.
1048 3041 1172 3095 Sch.
1197 3042 1269 3095 V.
1306 3045 1442 3095 ἐστιν
1467 3041 1619 3113 ὄντα)
1655 3045 1931 3120 ἄνθρωπον

208 3133 277 3202 μὴ
302 3137 456 3203 θυμῷ
480 3130 785 3205 χρήσασθαι.
844 3135 991 3185 τοῦτο
1019 3129 1074 3184 δὲ
1100 3131 1184 3183 καὶ
1213 3136 1551 3197 παροιμιακῶς
1583 3132 1713 3203 λέγει
1747 3136 1929 3202 (Suid.

213 3240 321 3280 om.
353 3222 410 3275 δέ
422 3261 440 3283 ,
474 3224 560 3275 καὶ
594 3243 651 3275 π.
688 3219 896 3289 λέγεται.
953 3218 1079 3272 Sch.
1115 3216 1190 3270 V.
1223 3218 1307 3270 καὶ
1340 3220 1688 3288 παροιμιωδῶς
1717 3221 1932 3292 λέγεται)

213 3303 293 3360 ὅτι
325 3304 352 3359 ὅ
386 3307 554 3375 θυμὸς
588 3311 797 3379 ἔσχατον
827 3302 1076 3377 γηράσκει.
1123 3304 1318 3374 λέγεται
1354 3304 1409 3359 δὲ
1443 3305 1524 3365 διὰ
1559 3306 1675 3366 τοὺς
1709 3313 1934 3379 πρεσβυ-

215 3396 407 3467 τέρους·
456 3390 556 3464 ὅσῳ
592 3393 917 3464 γηράσκουσι,
971 3392 1159 3459 (Suid.
1196 3395 1273 3459 οἳ,
1318 3387 1421 3463 ὅσῳ
1455 3412 1561 3463 γηρ.
1609 3390 1733 3446 Sch.
1770 3391 1845 3448 V.
1882 3401 1933 3449 οἳ
