2293 3650
1116 251 1202 313 42

303 413 521 485 quentia
557 412 723 466 verba
760 406 1012 479 Sapphus
1049 405 1401 475 intelligenda
1439 407 1786 478 pertinerent.
1868 406 2022 462 Ver-

302 520 391 554 sus
416 499 724 553 emendavit
751 495 992 565 Scaliger
1019 494 1088 548 ad
1112 493 1270 547 Cirin
1305 493 1365 547 in
1389 492 1589 564 Virgil.
1615 495 1783 547 Catal.
1816 515 1868 567 p.
1900 496 2021 550 523.

304 596 357 640 et
382 587 449 639 ad
478 586 671 637 Euseb.
708 603 763 656 p.
791 582 876 637 85.
915 581 1271 654 probantibus
1300 579 1577 634 Gatakero
1606 581 1675 633 ad
1702 581 1783 633 Μ.
1809 582 2020 633 Anton.

300 691 353 744 p.
384 673 466 743 69.
507 680 559 724 et
594 669 816 743 Toupio
854 669 921 722 ad
958 668 1198 738 Longin.
1234 687 1287 740 p.
1323 669 1441 722 501.
1492 668 1637 738 quod
1682 685 1783 720 nec
1819 666 2019 720 Buhlio

301 758 366 811 ad
406 759 578 812 Arist.
628 775 730 810 nec
765 755 1011 826 Volgero
1061 755 1130 807 ad
1175 754 1378 827 Sapph.
1415 754 1483 807 fr.
1521 774 1576 826 p.
1619 770 1731 806 102.
1766 754 2023 808 innotuit.

299 847 353 899 Is
390 864 443 900 V.
478 862 524 898 2.
563 844 814 918 Sapphus
853 843 938 894 καὶ
973 842 1129 912 μηδὲν
1166 847 1276 912 εἰκῆ
1312 841 1388 911 γλ.
1439 861 1491 894 v.
1523 843 1574 896 5.
1611 836 1761 902 αἰδώς
1796 860 1879 894 κεν
1915 840 2025 911 οὗχί

298 931 349 985 σ’
390 932 514 1002 εἶχεν
548 929 594 984 ὅ.
686 928 794 982 Sed
830 928 968 980 illud
1008 938 1124 981 erat
1169 930 1253 982 καὶ
1294 926 1367 998 μή
1409 951 1459 982 τι
1509 932 1726 998 Γειπῆν,
1783 938 1845 981 ut
1879 938 2027 980 recte

297 1019 483 1074 scribit
517 1015 722 1070 Blomf.
770 1023 824 1067 et
858 1015 1054 1068 Herm.
1090 1015 1249 1068 elem.
1288 1015 1338 1068 d.
1376 1034 1449 1068 m.
1488 1034 1539 1087 p.
1576 1016 1698 1087 689.
1792 1016 1857 1068 In
1901 1013 2026 1068 edd.

297 1105 528 1158 Aristot.
566 1103 844 1174 legebatur
877 1099 1025 1164 αἰδώς
1061 1105 1146 1156 κέν
1181 1123 1236 1155 σε
1274 1101 1362 1173 οὐχ
1401 1124 1440 1156 ε.
1476 1099 1519 1155 ὅ.
1568 1102 1721 1174 Lips.
1759 1099 1909 1164 αἰδώς
1942 1121 2028 1154 κεν

298 1193 406 1243 σοῦ.
452 1189 656 1244 rectius
691 1191 888 1244 Herm.
925 1190 961 1243 l.
1002 1208 1045 1243 c.
1083 1186 1235 1251 αἰδώς
1266 1192 1326 1243 κέ
1360 1211 1474 1252 τευς
1509 1189 1600 1243 οὐκ
1629 1211 1670 1243 ε.
1706 1187 1924 1242 ὄππατ’.

436 1364 621 1418 XLII.
668 1364 968 1437 Hephaest.
1001 1383 1057 1436 p.
1093 1363 1161 1417 46
1196 1384 1272 1434 sq.
1312 1367 1403 1435 (p.
1440 1363 1524 1419 80.
1567 1362 1768 1426 Gaisf.)
1810 1362 1874 1414 de
1906 1381 2029 1416 me-

297 1463 386 1506 tro
423 1451 681 1506 Alcaicoz
741 1456 996 1522 τρίμετρον
1037 1449 1093 1504 δὲ
1129 1449 1474 1520 ἆκατάληκτον
1523 1450 1582 1503 τὸ
1627 1445 1812 1502 τούτου
1850 1470 2027 1516 περιτ-

297 1541 443 1592 τεῦον
479 1537 708 1608 συλλαβῇ
744 1543 809 1609 τῇ
838 1539 1123 1609 τελευταίᾳ,
1165 1535 1470 1605 καλούμενον
1498 1538 1553 1591 δὲ
1579 1535 1840 1589 Ἀλκαϊκὸν
1871 1535 2025 1590 δωδε-

297 1621 642 1694 κασύλλαβον,
679 1626 802 1686 οἷον,
1382 1622 1384 1625 ’

578 1708 801 1780 ῖόπλοχ’,
844 1707 994 1779 ἁγνὰ,
1041 1706 1369 1780 μειλιχόμειδε
1408 1711 1637 1776 Σαπφοῖ.

290 1798 477 1852 Ursin.
527 1816 581 1870 p.
625 1814 741 1851 102.
793 1795 999 1852 Blomf.
1049 1817 1133 1850 nr.
1170 1796 1514 1850 XXXVIII.
1576 1795 1816 1866 Hesych.
1864 1795 2030 1861 μειλιὲ

292 1883 533 1956 χόμητις,
589 1881 744 1952 ἡδὺς,
802 1882 1122 1951 πραϋγέλως,
1171 1880 1437 1951 ἡδυγέλως.
1521 1878 1698 1950 ἡδεῖα,
1757 1879 2025 1951 πραΰνοος.

294 1971 458 2025 Vidit
483 1971 668 2042 Toup.
695 1969 820 2023 Em.
858 1969 925 2021 T.
953 1970 1054 2022 III.
1094 1989 1146 2041 p.
1169 1969 1290 2022 426.
1329 1987 1442 2020 non
1479 1969 1666 2020 omnia
1694 1969 2027 2040 iuterpreta-

296 2069 477 2112 menta
508 2058 603 2110 uni
628 2053 964 2125 μειλιχόμητις
1003 2057 1332 2120 convenire3
1379 2055 1563 2123 itaque
1592 2073 1697 2108 em.
1726 2056 2028 2126 μειλιχομεί-

296 2146 413 2216 6ης,
473 2142 621 2214 ἧόὖς,
681 2143 995 2213 πραῦγέλως,
1055 2140 1322 2212 ἧδυγέλως.
1405 2136 1801 2210 ΒἸειὶ.ιχόμητις,
1857 2141 2026 2212 ἡδεῖα,

294 2229 560 2304 πραΰνοος.
634 2230 741 2283 Sed
783 2231 973 2284 Codex
1006 2229 1255 2283 Venetus
1291 2248 1376 2300 ap.
1414 2228 1730 2283 Schowium
1765 2247 1867 2302 pro
1890 2232 2026 2284 Mu-

289 2320 524 2373 surianis
561 2315 923 2387 μειλιχόμητις,
960 2315 1084 2385 ἡδὺς
1117 2316 1337 2368 exhibet
1371 2324 1583 2366 tantum
1619 2316 2025 2387 μειλιχομετίδης.

297 2407 442 2458 Hinc
477 2404 829 2456 scribendum
868 2403 1088 2456 videtur
1126 2401 1300 2455 Gaisf.
1338 2402 1405 2454 ad
1445 2403 1629 2473 Heph.
1678 2403 1714 2457 l.
1754 2422 1797 2456 c.
1848 2423 1957 2456 una
1992 2428 2026 2458 τ

293 2493 533 2545 litterula
581 2491 791 2552 deleta,
852 2490 1249 2561 μειλιχομείδης,
1310 2488 1599 2558 πραϋγὲλως
1646 2499 1744 2542 etc.
1836 2491 2025 2562 Pergit

296 2579 480 2650 Toup.
534 2577 849 2641 „Scribitur
895 2589 948 2630 et
983 2574 1357 2647 μειλιχόμειδος.
1440 2565 1799 2650 ΑΙοειειιερρ.
1837 2579 2022 2652 Heph.

294 2686 346 2738 p.
382 2665 467 2734 47.
503 2693 573 2705 ·-
608 2661 938 2733 μειλιχόμειδε
963 2669 1192 2731 Σαπφοῖ.
1209 2670 1240 2695 “
1311 2663 1406 2717 An
1445 2675 1592 2718 recte
1628 2665 1704 2717 sic
1736 2665 2022 2730 scribatur,

297 2753 545 2805 dubitans
583 2750 787 2804 Blomf.
825 2752 1040 2823 scripsit
1078 2747 1413 2822 μειλιχόμειδα
1452 2754 1515 2803 Σ.
1600 2752 1659 2806 Α
1696 2749 1878 2820 μειδᾶω
1919 2754 2022 2805 du·

297 2850 442 2891 ctum
476 2858 584 2890 non
625 2849 801 2892 exstat
837 2839 1060 2909 quidem
1096 2839 1200 2891 nisi
1233 2836 1588 2907 φιλομμειδής,
1634 2840 1727 2892 sed
1764 2859 1795 2892 a
1830 2835 2019 2906 φοιτᾶω

293 2935 420 2978 sunt
453 2925 730 2992 νυκτίφοιτ’
772 2924 999 2995 ὀνείρατα
1032 2943 1116 2997 ap.
1155 2925 1416 2996 Aeschyl.
1453 2925 1641 2978 Prom.
1678 2926 1796 2979 662.
1843 2935 1898 2978 et
1931 2946 2021 2980 vv-

293 3008 610 3084 κτερόφοιτος
634 3010 862 3081 Ἄρτεμις
896 3011 950 3064 h.
986 3012 1166 3085 Orph.
1206 3014 1292 3075 55,
1329 3013 1379 3066 6.

501 3184 718 3239 XLIII.
772 3185 946 3239 Cicer.
986 3186 1053 3239 de
1089 3197 1194 3238 nat.
1234 3187 1286 3238 d.
1324 3186 1368 3250 I,
1405 3184 1488 3240 28.
1528 3191 1746 3238 Naevus
1783 3192 1840 3237 in
1878 3193 2017 3238 arti-

297 3276 407 3323 culo
452 3277 605 3339 paeri
652 3273 878 3321 delectat
916 3277 1188 3325 Alcaeum.
1271 3279 1347 3325 Ac
1397 3286 1475 3325 est
1517 3279 1756 3341 corporis
1804 3277 2018 3327 macula

296 3377 525 3421 ηαενιιεῑ
568 3360 650 3409 illi
686 3372 865 3411 tamen
899 3362 998 3411 hoc
1031 3363 1200 3413 lwnen
1233 3363 1529 3413 videbatur.
