2293 3650
1173 244 1254 303 50

350 411 442 467 ἐπὶ
475 409 599 464 δέων
641 405 807 473 αὐτῷ,
880 402 1048 455 Paris.
1089 413 1139 452 2.
1185 398 1274 450 ε’πι
1318 396 1443 452 deun
1484 420 1586 453 ανω
1624 400 1840 453 habent.
1923 399 2073 453 Inter

352 496 501 565 ἄμφω
538 505 590 546 et
625 487 874 557 Κωραλὶω
908 488 1135 540 lacunae
1167 485 1320 555 signa
1356 494 1481 538 sunt
1513 487 1572 538 in
1599 486 1769 540 Paris.
1806 506 1889 539 nr.
1923 487 2074 557 1597.

354 585 525 638 Mose.
547 579 732 631 Escur.
752 573 934 628 Vatic.
966 592 1012 629 1.
1047 575 1218 628 Paris·
1289 571 1419 626 Vid.
1443 572 1488 624 F
1493 572 1812 626 riedemann
1840 575 1906 626 de
1933 574 2076 626 med.

353 669 479 739 syll.
518 672 753 736 pentam-
799 681 854 734 p·
890 660 1010 717 554.
1093 659 1323 732 Optime
1371 668 1552 712 antem
1592 658 1763 713 Paris,
1800 678 1884 712 nr.
1926 661 2077 730 1397.

353 752 572 825 genitiv.
611 750 797 803 aeolic.
834 760 888 802 et
924 749 1041 801 dor.
1082 747 1336 815 Κωραλίω
1371 749 1581 812 ποταμῶ
1620 745 1893 797 exhibent.
1969 746 2079 798 1.ῗὶ-

354 843 487 896 tima
517 838 681 891 verba
710 836 870 888 metri
909 853 1077 904 genus
1107 854 1220 887 non
1259 836 1486 887 obscure
1523 830 1853 902 significant,
1891 835 2080 900 Κωρα-

352 927 444 981 λίω
470 929 677 989 ποταμῶ
699 922 823 991 παρ’
858 920 1066 990 ὄχθαις,
1104 931 1164 973 ut
1199 922 1281 974 καὶ
1316 920 1510 982 λακίδες
1547 917 1753 988 μεγάλαι
1791 916 1902 969 κατ’
1931 913 2078 973 αὐτό.

352 1012 781 1066 Probabilisrest
818 1009 1092 1061 Friedem.
1141 1008 1480 1069 coniectura,
1539 1006 1603 1058 ab
1647 1005 1807 1057 initio
1854 1004 2082 1076 legentis

352 1097 526 1151 Rivaoa’
559 1092 774 1151 Ἀθάνα.
825 1097 892 1148 de
927 1114 1072 1166 seqq.
1117 1094 1333 1147 dubito:
1374 1093 1510 1146 τάνδ’
1543 1090 1792 1147 ἆπόλειπε
1827 1096 1936 1162 γᾶν,
1957 1089 2083 1142 Ἵπ-

352 1209 460 1247 πως
496 1187 782 1254 Κορωνείας
820 1184 907 1236 ἔπι
941 1182 1081 1251 δεῦρ’
1117 1181 1221 1251 ἄγ’,
1256 1178 1459 1249 03³196v
1496 1203 1572 1233 τιν
1608 1180 1894 1247 ἆμφίκειται
1932 1176 2083 1238 ἄλσος

353 1276 424 1325 Κ.
461 1294 517 1324 π.
551 1294 607 1324 π.
644 1269 689 1324 ὅ.
777 1271 965 1325 Minus
1017 1271 1179 1321 etiam
1229 1269 1334 1321 hoc
1382 1270 1605 1322 nomine
1645 1268 1869 1340 probari
1907 1273 2085 1337 potest

352 1359 555 1414 Blomf.
591 1359 748 1411 lectio
783 1357 911 1409 διτταὶ
942 1361 1227 1424 Κορωνείας
1254 1355 1391 1410 ἔπιδ’
1422 1353 1658 1424 εὐμενὴς,
1707 1356 1869 1422 Εἴπερ
1898 1351 2085 1419 πάροι-

353 1450 452 1500 θεν
496 1446 623 1513 ἀμφὶ
668 1442 868 1514 βωμούς
916 1446 988 1494 K.
1039 1442 1247 1510 ποτάμω
1311 1443 1447 1512 (hoc
1494 1443 1670 1510 recle)
1731 1441 1854 1510 παρ’
1899 1438 2084 1508 ὄχθαις

342 1532 548 1586 ’Έθυσα
588 1572 597 1582 .
637 1571 648 1583 .
686 1569 699 1582 .
785 1531 1077 1599 Eleganter
1116 1530 1175 1582 C.
1216 1529 1286 1582 Ο.
1327 1530 1536 1582 ΜῦΠει·
1581 1531 1639 1581 in
1681 1529 1822 1581 libro
1862 1528 1928 1580 de
1969 1526 2086 1578 Or-

354 1620 623 1672 chomeno
663 1638 717 1690 p.
756 1620 874 1688 592.
916 1626 1022 1667 not.
1058 1619 1106 1670 5.
1152 1615 1357 1667 Edraoo'
1398 1617 1656 1667 Ἀθαναία
1703 1615 1920 1678 πολίων,
1979 1610 2083 1666 ἀπὸ

359 1710 464 1767 Tac
499 1712 588 1767 σᾶς
621 1708 908 1774 Κορωνείας
943 1702 1029 1755 ἐπὶ
1064 1700 1201 1769 δεῖρ’
1246 1702 1364 1762 ἴθι,
1415 1698 1685 1768 Πάροιθεν
1719 1700 1779 1754 ἂν
1815 1696 2087 1768 ἱδρυσάμε-

353 1795 463 1845 σθα
489 1791 740 1859 Κωραλίω
774 1793 982 1853 ποταμῶ
1014 1787 1135 1855 παρ’
1167 1786 1363 1856 ὄχθαις.
1437 1787 1694 1842 Conserri
1723 1797 1901 1841 aulem
1934 1788 2088 1841 iubet

351 1879 607 1949 Bacchyl.
645 1899 728 1949 ap.
765 1879 946 1928 Lutat.
984 1878 1047 1927 ad
1091 1875 1220 1925 Stat.
1261 1893 1310 1942 7,
1348 1876 1467 1927 330.
1552 1875 1674 1927 Nec
1719 1885 1900 1928 tamen
1940 1893 2086 1927 asse-

353 1983 525 2035 quor,
590 1982 687 2015 cur
729 1963 887 2034 poefta
925 1962 1155 2013 Lesbius
1206 1961 1557 2023 Minervam,
1614 1981 1751 2030 quae
1801 1963 2086 2014 Coroneae

354 2052 661 2110 colebatur,
701 2049 1055 2103 invocaverit.
1127 2047 1213 2098 Ex
1251 2048 1346 2107 iis,
1384 2066 1522 2116 quae
1558 2048 1625 2098 de
1659 2049 1853 2100 Alcaei
1883 2050 2091 2102 carmi-

353 2138 511 2190 nibus
546 2136 742 2188 tz‘adita
781 2147 930 2200 sunt,
981 2135 1195 2187 nullum
1237 2153 1458 2186 carmen
1498 2135 1654 2194 novi,
1712 2136 1769 2187 in
1806 2154 1912 2205 quo
1952 2137 2084 2189 baec

352 2223 491 2276 sicut
538 2241 768 2291 sequens
816 2222 884 2275 fr.
931 2224 1113 2276 locum
1162 2221 1436 2294 aptiorem
1487 2223 1738 2275 invenire
1786 2226 2085 2294 potuerint,

351 2327 517 2377 quam
542 2308 600 2360 in
624 2309 834 2379 hymno
859 2310 916 2361 in
944 2309 1298 2380 Apollinem,
1337 2309 1424 2361 vel
1452 2309 1510 2361 in
1535 2309 1731 2363 itinere
1761 2310 1848 2362 dei
1877 2311 2086 2365 descri-

350 2395 563 2459 bend0,
620 2397 709 2448 vel
746 2396 802 2447 in
845 2395 1342 2448 commemorandis
1378 2396 1471 2459 iis,
1522 2396 1623 2465 ‘qui
1663 2397 1805 2449 dona
1843 2407 1891 2450 et
1928 2417 2082 2453 sacra

352 2481 404 2533 ei
441 2480 685 2552 Delphos
726 2481 1018 2534 attulerint.
1102 2481 1195 2534 Ad
1239 2487 1643 2549 navigationem
1677 2482 1891 2537 referre
1927 2486 2085 2539 vide-

351 2575 441 2620 tur
474 2567 691 2622 Fabric.
727 2568 865 2620 Bibl.
901 2587 984 2639 gr.
1016 2567 1087 2619 ΙΙ.
1126 2587 1178 2639 p.
1215 2569 1302 2624 85.

489 2696 619 2752 LV.
674 2698 867 2752 Strabo
905 2699 1011 2753 IX.
1049 2717 1105 2771 p.
1140 2704 1261 2754 412.
1304 2700 1459 2763 (655.
1495 2699 1606 2764 Α.)
1654 2699 1745 2753 οὐκ
1782 2695 1840 2753 εὖ
1875 2698 1929 2753 δὲ
1961 2700 2082 2755 Ἀλ-

350 2790 516 2849 καῖος,
576 2780 745 2858 ὥσπερ
786 2783 841 2839 τὸ
879 2791 971 2839 τοῦ
1007 2792 1238 2854 ποταμοῦ
1275 2785 1460 2856 ὄνομα,
1521 2784 1588 2849 ὥς
1631 2787 1809 2857 μικρὸν
1853 2788 2078 2858 ἀνωτέρω

350 2871 574 2938 εἴρηται,
609 2877 895 2944 παρέτρεφε
932 2878 1023 2926 τοῦ
1061 2876 1349 2943 Κουαριόυ,
1402 2871 1533 2928 οὕτω
1571 2877 1653 2928 καὶ
1687 2880 1777 2929 τοῦ
1805 2875 2078 2946 Ὀγχηστοῦ

349 2958 715 3025 κατέψευσται,
775 2959 899 3031 πρός
935 2968 1045 3022 ταῖς
1081 2962 1331 3030 ἐσχατιαῖς
1371 2966 1463 3014 τοῦ
1492 2959 1759 3025 Ἑλικῶνος
1805 2961 1959 3015 αὐτὸν
2001 2984 2077 3014 ιι-

348 3043 494 3104 ·θείς·
544 3041 568 3096 ὁ
609 3044 657 3098 δ’
699 3048 835 3100 ἐστὶν
868 3044 1084 3102 ἄπωθεν
1115 3052 1293 3110 ἱκανῶς
1328 3045 1510 3101 τούτου
1546 3052 1636 3102 τοῦ
1673 3047 1834 3118 ὅρους.

487 3169 641 3224 LVI.
713 3174 907 3230 Strabo
947 3195 1002 3249 p.
1037 3177 1155 3230 606.
1197 3178 1359 3247 (905.
1395 3178 1498 3241 Β.)
1554 3173 1662 3245 Τὴν
1697 3175 1754 3230 δὲ
1783 3175 2076 3247 Ἄντανδρον

337 3254 573 3321 Ἀλκαῖος
605 3258 698 3325 μὲν
732 3263 873 3316 καλεῖ
909 3264 1144 3335 Λελέγων
1177 3262 1354 3318 πόλιν·

595 3349 769 3415 πρῶτα
802 3349 892 3416 μὲν
927 3353 1009 3404 καὶ
1034 3349 1330 3421 Ἄντανδρος
1363 3349 1599 3420 Λελέγων
1630 3344 1796 3411 πόλις·
