2293 3650
1172 204 1257 269 34-

344 393 449 450 pro
487 364 776 442 ληθικήδεα
822 360 1050 436 accipias
1095 367 1148 414 et
1184 369 1426 414 metrum
1461 361 1810 432 pessumde3‚
1869 360 2082 414 cavebit

342 463 514 516 Hom.
546 458 609 510 Il.
649 452 710 524 χ’,
748 450 834 507 83.
872 448 982 511 υἱός
1019 448 1170 502 deest
1204 448 1240 500 l.
1269 447 1374 501 XI.
1456 448 1568 501 Pro
1606 450 1737 519 ἔγχεε
1770 451 1958 518 κίρναις
1995 450 2085 501 ἕνα

346 548 432 601 καὶ
467 541 558 600 δύο
595 557 763 612 supra
799 555 857 610 p.
894 536 1020 590 430.
1056 534 1129 590 A.
1167 534 1434 607 scriptum
1473 545 1589 590 erat
1639 536 1801 605 ἔγχευε
1835 538 1977 604 κίρνα
2011 536 2084 596 εἰς

346 636 433 687 ἕνα
469 630 554 683 καὶ
589 623 699 681 δύο.
773 623 1051 689 „Alcaeus
1086 622 1264 688 iubet,
1299 631 1360 674 ut
1397 609 1537 694 puer
1576 640 1606 675 a
1644 621 1855 694 poculis
1887 621 2083 674 vinum

347 719 415 772 de
451 734 612 770 more
654 714 715 767 in
761 720 972 765 cratere
1017 710 1241 763 misceat
1290 728 1354 762 eo
1396 727 1607 762 craseos
1645 727 1875 780 genere,
1934 706 2083 777 quod

342 804 641 859 vocabatur
675 800 748 862 εἷς
783 798 867 851 καὶ
904 793 1027 860 δύο,
1089 815 1215 850 cum
1249 795 1444 850 infusis
1479 796 1540 849 in
1577 805 1843 848 craterem
1880 793 2086 865 cyathis

349 891 562 946 duobus
598 887 716 944 vini
752 905 920 957 aquae
956 903 1098 938 unus
1149 883 1475 938 infunditur.
1492 887 1526 914 “
1576 881 1841 935 CASAUB.
1899 901 2088 952 κιρναις

345 978 402 1032 h.
440 978 476 1031 l.
514 976 637 1032 MS.
672 974 746 1028 A.
830 972 908 1028 V.
936 972 985 1026 5.
1020 970 1218 1034 πλείαις
1256 980 1334 1023 est
1374 989 1406 1024 a
1443 971 1606 1040 Rutg.
1640 969 1755 1022 Ian.
1792 969 1947 1021 Pors.
1981 984 2088 1039 pro

346 1063 528 1126 πλέαις
564 1064 602 1116 l.
637 1062 713 1115 X.
763 1060 857 1113 vel
903 1062 1108 1120 πλείους
1156 1059 1193 1112 l.
1233 1057 1338 1109 XI.
1379 1057 1609 1109 Porson.
1659 1057 1733 1110 ita
1772 1056 2088 1127 interpung-

347 1151 546 1214 πλείαις
578 1147 920 1215 nummumq-
971 1143 1003 1199 ἃ
1037 1145 1089 1199 δ’
1130 1146 1298 1213 ἑτέρα,
1342 1163 1503 1196 sensu
1542 1143 1637 1197 vix
1671 1143 1901 1196 idoneo:
1955 1140 2089 1212 quid

351 1238 500 1292 enim
549 1245 630 1290 est
675 1238 810 1306 ἔγχεε
859 1229 986 1287 κατὰ
1021 1232 1287 1303 κεφαλῆςὲ)
1336 1229 1461 1283 κατὰ
1504 1248 1611 1297 usq).
1661 1230 1826 1283 ὠθεῖν
1862 1250 1974 1282 τινα
2013 1235 2092 1281 est

343 1329 704 1392 praecipitem
740 1326 974 1391 aliquem
1009 1326 1169 1382 dare,
1230 1329 1290 1372 ut
1325 1317 1493 1372 Anal.
1531 1318 1625 1370 ΒΓ.
1664 1317 1734 1369 Τ.
1772 1317 1840 1368 ΙΙ.
1878 1335 1932 1389 p.
1970 1318 2091 1386 529.

349 1411 512 1464 LIX.
548 1405 672 1462 κατὰ
709 1413 802 1478 τῆς
836 1406 1059 1477 κεφαλῆς
1094 1406 1339 1475 ἀπῆλθε,
1389 1423 1648 1471 praeceps
1687 1407 1862 1464 abiit5
1921 1402 2093 1455 usita-

352 1499 459 1552 tius
508 1507 586 1550 est
633 1495 721 1549 ἐπὶ
767 1494 864 1564 τὴν
910 1490 1133 1560 κεφαλὴν
1169 1492 1350 1546 ὠθεῖν.
1424 1491 1598 1562 Igitur
1631 1488 1810 1542 κύλικα
1846 1487 1972 1542 κατὰ
2008 1510 2095 1543 κε-

350 1583 515 1653 φαλᾶς
548 1583 716 1637 ὠθεῖν
751 1601 867 1635 esse
893 1581 1114 1634 videtur
1147 1579 1300 1648 quasi
1328 1582 1528 1644 pocula
1553 1582 1946 1643 praecipitare,
1981 1597 2096 1627 cre-

355 1676 485 1736 bro,
533 1674 689 1722 aliud
713 1681 843 1735 post
882 1669 1061 1728 aliud,
1120 1669 1341 1715 haurire
1354 1701 1374 1725 ,
1438 1671 1492 1716 et
1544 1658 1688 1727 κύλιξ
1738 1658 1918 1715 κύλικα
1968 1661 2093 1716 κατὰ

352 1778 464 1825 neq).
501 1755 639 1809 ὠθεῖ
665 1756 914 1823 poculum
941 1772 1205 1820 praeceps
1243 1754 1414 1801 trudit
1445 1754 1716 1818 poculum,
1779 1753 2094 1802 exhaustum

346 1849 504 1913 prius
540 1862 732 1895 novum
765 1846 955 1890 statim
988 1841 1343 1906 subsequitur.

498 2010 758 2068 XXXII.
819 2008 1031 2064 Athen.
1060 2005 1202 2061 XV.
1238 2025 1292 2077 p·
1321 2004 1440 2076 687.
1477 2006 1549 2059 D.
1585 2006 1651 2062 E.
1687 2009 1772 2062 καὶ
1809 2006 1836 2061 ὅ
1871 2006 2098 2078 ἀνδρειό-

362 2121 511 2164 τατος
541 2099 624 2163 δὲ,
659 2098 868 2166 προσέτι
903 2095 960 2148 δὲ
995 2095 1081 2149 καὶ
1113 2093 1385 2160 πολεμικὸς
1419 2092 1639 2164 ποιητὴς
1666 2094 1898 2158 Ἀλκαῖος
1933 2088 2061 2164 ἔφη·

538 2181 684 2238 κάόἓΓ
714 2177 950 2253 ἐχεύσατο
986 2178 1143 2251 μύρον
1175 2176 1273 2234 ἆδὺ
1308 2185 1473 2235 καττῶ
1512 2178 1737 2251 στήθεος
1765 2181 1906 2250 ἄμμι.

359 2277 504 2331 Plut.
540 2272 734 2345 Symp.
768 2269 882 2333 111,
929 2285 975 2321 1.
1020 2278 1159 2322 extr.
1212 2286 1267 2339 p.
1309 2267 1429 2332 647.
1467 2269 1532 2321 Ε.
1590 2269 1693 2339 (Τ.
1731 2271 1834 2323 ΙΙΙ.
1880 2290 1937 2342 Ρ.
1976 2268 2099 2336 654,

362 2362 587 2433 WVytt.)
635 2356 713 2412 διὸ
761 2351 977 2422 μάλιστα
1023 2352 1141 2414 τοὺς
1184 2352 1429 2415 ἀνθινοὺς
1476 2355 1713 2422 (Blomf.
1751 2357 1817 2409 ad
1866 2375 2099 2426 sequens

365 2450 435 2503 fr.
468 2438 773 2516 ἆνηθινούς,
812 2441 979 2493 citans
1015 2440 1181 2493 schol.
1225 2440 1293 2492 ad
1331 2440 1570 2494 Theocr.
1600 2441 1732 2507 VII,
1763 2443 1848 2498 43.
1886 2444 2097 2496 Pollae.

367 2535 474 2598 VI,
516 2529 666 2602 107.)
706 2531 763 2583 ἐκ
801 2532 900 2582 τῶν
935 2525 1195 2598 τραχήλων
1228 2523 1582 2594 καθάπτοντες
1614 2526 1943 2597 ὑποθυμίδας
1977 2527 2098 2583 ἐκά-

369 2626 520 2682 λουν,
567 2618 654 2672 καὶ
687 2623 797 2679 τοῖς
832 2612 938 2669 ἀπὸ
972 2612 1165 2669 τούτων
1200 2611 1375 2686 μύροις
1417 2618 1577 2687 ἔχριον
1613 2613 1674 2669 τὰ
1711 2614 1904 2688 στήθη.
1967 2640 2096 2688 μαρ-

365 2715 504 2779 τυρεῖ
553 2706 607 2759 δὲ
641 2705 876 2767 Ἀλκαῖος
925 2699 1141 2757 κελεύων
1186 2707 1420 2775 καταχέαι
1465 2701 1522 2757 τὸ
1565 2701 1723 2773 μύρον
1767 2705 1926 2759 αὐτοῦ
1972 2705 2099 2759 κατὰ

369 2801 457 2857 τᾶς
498 2790 662 2847 πολλοὶ
702 2795 962 2853 παθοίσας
1008 2791 1226 2860 κεφαλᾶς
1272 2793 1356 2846 καὶ
1392 2794 1462 2844 τῶ
1503 2789 1664 2845 nozarii
1710 2786 1949 2861 στήθεος.
2027 2793 2095 2844 In

367 2882 557 2952 Wytt.
596 2881 679 2934 ed.
716 2889 796 2932 est
827 2877 954 2932 κατὰ
986 2876 1073 2940 τὰς
1108 2889 1161 2931 et
1196 2884 1268 2948 τῷ·
1303 2877 1482 2947 πολιῷ.

510 2967 714 3021 Blomf.
749 2968 816 3021 ad
853 2967 918 3020 fr.
955 2965 1172 3019 XLVI.
1214 2977 1268 3020 et
1304 2968 1363 3021 in
1398 2967 1546 3020 MuS.
1580 2964 1701 3019 crit.
1735 2964 1841 3020 VI.
1879 2983 1934 3036 Ρ.
1974 2964 2100 3035 257.

370 3054 460 3111 Ex
500 3055 711 3108 duobus
746 3055 854 3109 illis
894 3055 1032 3109 locis
1081 3053 1226 3107 inter
1269 3073 1326 3106 se
1364 3054 1687 3127 comparatis
1725 3052 1989 3106 Valcken.
2028 3053 2099 3107 ad

373 3143 613 3198 Theocr.
649 3144 727 3196 X.
776 3143 851 3195 id.
888 3160 941 3214 p.
976 3145 1059 3199 52.
1106 3141 1180 3194 ita
1219 3142 1496 3214 scripsisse
1532 3140 1803 3194 Alcaeum
1840 3140 2101 3194 coniicie-

373 3230 492 3283 bat=
530 3229 681 3284 καδδὲ
713 3235 889 3300 χεῧσον
921 3226 1079 3300 μύρον
1112 3227 1208 3282 ἆόὑ
1236 3233 1418 3291 καττῖὶς
1446 3226 1609 3282 πολλὰ
1644 3230 1903 3289 παθοίσας
1938 3247 2098 3293 «erpa-

374 3314 493 3385 ffig,
556 3318 640 3372 καὶ
683 3321 845 3371 καττῶ
894 3318 1054 3372 πολιῶ
1102 3316 1321 3381 στάθεος
1366 3315 1504 3386 ἄμμι.
1598 3315 1825 3385 Alloqui
1876 3323 2094 3388 poetam
