2293 3650
1031 250 1112 310 21

347 399 534 454 Ursin.
585 419 639 472 Ρ.
684 401 797 456 105.
876 398 1081 455 Blomf.
1118 419 1205 454 nr.
1238 401 1346 456 IX.
1431 400 1612 456 Schol.
1649 401 1819 479 Soph.
1854 406 1926 461 O.

207 488 275 542 Τ.
309 487 396 540 56.
446 487 531 540 καὶ
559 486 791 548 Ἀλκαῖος
827 492 1009 558 φησίν·
1045 485 1247 557 Ἄνδρες
1290 483 1485 551 πόλεως
1517 486 1702 562 πύργοι
1742 487 1930 562 ἀρήϊοι,

202 592 367 644 quam
417 574 712 628 lectionem
759 574 1023 629 Libanius·
1084 570 1213 642 πρὸς
1270 574 1389 636 τοὺς
1445 574 1505 629 οὗ
1556 575 1659 647 λέγ.
1747 578 1818 632 Τ.
1854 580 1927 632 ΙΙ.

197 679 252 732 p.
282 659 399 714 288.
437 662 738 714 consectari
775 663 1014 723 videtur,
1047 659 1225 729 inquit
1254 660 1499 715 Lobeck.
1529 665 1597 717 ad
1624 663 1779 719 Aiac.
1812 667 1932 721 16οὲ

200 746 294 798 Sic
332 747 494 801 etiam
534 749 727 802 Suidas
765 770 819 805 v.
855 745 1052 817 ἀρήϊος,
1096 746 1192 799 ubi
1231 745 1451 799 Kiister.
1485 749 1668 803 locum
1695 752 1929 806 Aristid.

200 835 270 886 T.
308 835 377 886 II.
423 836 625 889 laudat.
712 836 820 889 Sed
859 853 1087 898 vereor,
1148 853 1220 886 ne
1265 834 1494 906 pluralis
1543 836 1821 908 profectus
1861 839 1930 893 sit

199 922 266 974 ab
305 941 397 986 e0‚
437 923 532 993 qui
568 940 863 977 numerum
899 922 970 974 ad
1006 919 1178 991 ἄνδρες
1214 923 1631 977 accommodare
1668 926 1929 979 voluerit:

195 1027 377 1077 neque
415 1009 594 1074 enim,
644 1018 777 1079 quot
813 1010 987 1074 civeS‚
1037 1017 1117 1061 tot
1158 1007 1339 1078 πύργοι
1370 1019 1523 1074 sunt,
1566 1011 1662 1065 sed
1699 1013 1929 1066 univer-

196 1097 323 1147 sitas
362 1095 570 1148 civium
605 1092 791 1166 πύργος
829 1107 931 1162 est,
983 1096 1123 1149 sicut
1159 1096 1329 1169 Soph.
1363 1097 1401 1150 l.
1436 1116 1485 1152 e.
1521 1098 1719 1170 σμικροὶ
1755 1129 1822 1139 —-
1857 1126 1929 1141 -

195 1181 443 1251 σφαλερὸν
491 1180 686 1252 πύργου
735 1182 869 1251 ῥῦμα
915 1184 1098 1253 (quod
1148 1204 1254 1256 pro
1306 1181 1494 1254 πύργος
1539 1195 1690 1239 recte
1733 1186 1931 1258 accipit

193 1269 454 1338 Lobeck.)
495 1270 648 1323 dixit.
719 1270 767 1322 E
804 1270 975 1324 Suida
1013 1270 1217 1341 ἀρήϊος,
1267 1266 1568 1337 πολεμικός,
1620 1272 1707 1325 καὶ
1743 1268 1926 1343 ἇρήϊοι.

181 1353 321 1408 Ἀλκ.
361 1358 657 1428 legendum
691 1359 968 1430 suspicor:
1015 1358 1187 1431 ἄνδρες
1220 1357 1310 1430 γὰρ
1345 1354 1539 1422 πόλεως
1576 1355 1765 1430 πύργος
1800 1356 1932 1430 ἆρή..

190 1449 285 1507 ϊοι,
319 1454 383 1496 ut
421 1445 558 1498 ordo
597 1445 667 1498 sit
702 1443 876 1516 ἄνδρες
909 1443 1081 1515 ἀρήϊοι
1116 1443 1304 1516 πύργος
1339 1447 1438 1501 εἰσὶ
1471 1446 1684 1510 πόλεως.
1774 1448 1928 1502 Nam

188 1529 278 1601 γὰρ
320 1532 482 1585 etiam
520 1531 744 1599 Alcaei,
793 1553 909 1587 non
946 1533 1310 1600 Scholiastae‚
1366 1552 1484 1586 esse
1521 1535 1773 1601 videtur,
1833 1535 1928 1605 qui

190 1618 268 1670 sic
301 1623 481 1690 potius
520 1620 772 1671 dixisset:
821 1618 993 1687 ἄνδρες
1032 1618 1153 1688 γὰρ,
1200 1617 1267 1681 ὥς
1303 1639 1458 1688 φησιν
1492 1624 1576 1674 Ἀ.
1617 1617 1740 1674 πόλ.
1781 1641 1838 1674 π.
1873 1620 1921 1674 ἆ.

192 1704 251 1757 Si
288 1705 456 1757 schol.
491 1705 760 1774 Aeschyli
807 1705 1100 1758 lectionem
1133 1708 1407 1775 sequaris,
1474 1716 1556 1759 est
1590 1708 1929 1761 choriambi-

191 1810 284 1844 cus
323 1790 570 1843 trimeter
617 1791 1018 1854 acatalecticu3‚
1069 1791 1222 1843 cuius
1259 1794 1576 1867 exemplum
1611 1812 1682 1846 ex
1718 1795 1926 1847 Alcaeo

188 1878 354 1931 habet
386 1877 685 1949 Hephaest.
732 1896 786 1949 Ρ.
825 1876 909 1931 54.
956 1876 1145 1931 Pauw.
1184 1895 1240 1948 p.
1278 1877 1367 1929 58.
1422 1877 1600 1929 Gaisf.
1640 1878 1709 1930 cf.
1747 1877 1926 1935 Gaisf.

189 1962 246 2039 j).
285 1966 404 2020 508.
456 1967 617 2035 quale
651 1964 788 2018 illud
828 1964 1051 2042 Horatii
1094 1969 1388 2016 ffIaeeenas
1435 1968 1619 2015 atavis
1668 1966 1807 2014 edite
1841 1986 1929 2017 re-

187 2057 383 2122 gibus)-
446 2053 530 2105 sin
578 2052 748 2105 schol.
797 2051 969 2123 Soph.
1033 2050 1282 2104 eiusdem
1329 2052 1495 2104 metri
1547 2070 1662 2105 esse
1703 2052 1928 2108 videtur

191 2141 468 2193 Friedem.
508 2141 575 2192 de
617 2139 764 2192 med.
802 2139 926 2208 syll.
961 2146 1109 2209 pent.
1159 2157 1215 2210 p.
1254 2141 1408 2206 535„
1457 2138 1607 2209 quod
1643 2157 1812 2209 supra
1848 2139 1922 2193 fr.

187 2226 263 2281 V.
304 2227 748 2281 observavimus:
799 2222 1171 2293 (--·--l--00)
1192 2222 1924 2296 —1—-00-1-220-12‘-

186 2313 391 2367 Blomf.
441 2325 684 2366 metrum
729 2311 1022 2366 Alcaicum
1071 2311 1216 2381 quod
1269 2309 1502 2385 proprie
1560 2310 1760 2364 dicitur
1803 2331 1918 2366 esse

183 2403 398 2476 putavit
410 2420 427 2469 3
466 2400 618 2455 dedit
654 2400 836 2453 enim:
872 2395 1048 2471 ἄνδρες
1085 2395 1280 2471 πόληος
1308 2394 1492 2470 πύργοι
1522 2394 1708 2469 ἀρήϊοι.

326 2577 491 2631 XIII.
526 2573 708 2629 Schol.
744 2571 946 2628 Aesch.
981 2571 1037 2627 S.
1071 2590 1118 2626 e.
1157 2572 1404 2627 Th.2oo.
1472 2592 1501 2627 ο
1525 2572 1556 2627 ὓ
1581 2571 1644 2628 δ’
1693 2574 1721 2628 ἒ
1745 2571 1828 2627 λκ
1853 2593 1922 2627 ο-

190 2662 384 2717 ποιοὶ
452 2667 831 2734 γίγνεται
894 2657 984 2712 τὰ
1046 2656 1386 2731 σήματα.
1457 2663 1618 2714 ταῦτα
1652 2659 1919 2728 παρ”Αλ..

188 2755 360 2805 καίου·
398 2750 457 2804 οὗ
494 2734 751 2821 αιιτρώσκει
785 2745 846 2802 τὰ
876 2749 1101 2818 ἐπίσημα
1136 2743 1288 2814 ὅπλα,
1325 2746 1444 2801 οὐδὲ
1478 2744 1606 2801 αὗτὰ
1638 2746 1769 2800 καθ’
1797 2747 1920 2802 ἑαυ-

187 2836 250 2892 τὰ
289 2834 500 2906 δύναμιν
534 2838 660 2908 ἔχει,
704 2840 750 2892 εἰ
784 2833 852 2905 μὴ
890 2833 986 2906 ἄρα
1022 2833 1049 2890 ὅ
1087 2837 1251 2906 φέρων
1288 2832 1416 2889 αὐτὰ
1457 2841 1680 2905 γενναῖος
1713 2826 1761 2907 ᾖ.
1822 2834 1920 2888 ubi

187 2925 359 2980 verba
396 2924 456 2977 οὗ
496 2919 755 2996 τιτρώσκει
789 2922 1035 2993 taniam?
1066 2920 1202 2978 ὅπλα
1244 2921 1442 2980 Alcaei
1489 2941 1603 2976 esse
1640 2922 1918 2977 videntur.

326 3011 566 3066 Ursinus
609 3033 665 3087 p.
693 3012 810 3068 108.
845 3010 1154 3066 Blomfield.
1194 3032 1251 3086 Ρ.
1276 3009 1398 3065 444.
1467 3011 1615 3066 Mus,
1654 3008 1772 3064 crit.
1846 3009 1914 3063 In

191 3099 363 3154 Gaisf.
399 3109 549 3175 poet.
582 3121 658 3156 m.
696 3121 809 3156 non
847 3101 1049 3175 reperi.

330 3273 494 3331 XIV.
565 3276 750 3330 Schol·
795 3272 1084 3350 Aristoph.
1147 3276 1305 3347 Vesp.
1347 3290 1504 3347 1227.
1573 3268 1916 3341 ὦνθρωφ’,

197 3355 387 3424 οὗτος
421 3358 451 3415 ὁ
485 3360 877 3433 μαινόμενος
923 3363 995 3418 τὸ
1040 3364 1200 3434 μέγα
1233 3359 1464 3435 κράτος
1491 3358 1914 3429 Ἀνατρέψεσς
