2293 3650
1159 259 1242 319 26

939 417 968 436 Π

937 433 984 470 0.
1037 416 1107 475 εἷς
1134 409 1431 481 ’Ἠφαιστοιπ

334 502 445 556 vid.
479 503 745 556 B'Ienand.
781 501 865 554 rh.
904 502 1025 555 loco
1064 522 1234 574 supra
1270 501 1558 577 adscripto.

437 588 531 643 Ad
574 590 812 660 hymnos
846 590 1008 642 etiam
1048 589 1368 643 referendos
1404 607 1596 642 censeo
1635 589 1764 644 istos
1808 593 1982 646 locos:

471 676 698 730 XXIV.
735 677 1011 730 Plutarch.
1047 677 1235 731 Amat.
1271 677 1340 729 T.
1373 678 1447 729 ΙΙ.
1484 695 1539 747 p.
1578 678 1694 747 765.
1736 679 1797 729 E.
1838 680 1927 747 (T.
1957 679 2056 733 IV.

328 782 380 834 p.
421 763 505 834 69.
553 763 637 815 ed.
672 763 889 835 Wytt.)
944 761 1022 818 Τὰ
1055 765 1144 831 μὲν
1182 762 1270 818 οὖν
1302 761 1468 817 πολλὰ
1520 764 1599 832 (οῖ
1639 765 1799 829 add.)
1851 768 2060 835 ποιηταῖ

329 852 722 919 προσπαίζοντες
757 854 949 904 ἐοίκασι
980 855 1049 918 τῷ
1085 854 1197 921 θεῷ’
1223 849 1426 921 γράφειν
1460 852 1575 920 περὶ
1613 851 1772 903 αὐτοῦ
1805 852 1887 904 καὶ
1922 850 2060 923 ᾄδειν

329 934 747 1004 ἐπικωμάζοντες,
787 938 928 1007 ὀλίγα
966 937 1024 991 δὲ
1058 939 1253 1008 εἴρηται
1287 937 1410 1007 μετὰ
1446 937 1673 1007 σπουδῆς
1704 937 1909 1002 αὗτοῖς,
1960 939 2061 991 εἴτε

328 1023 452 1077 κατὰ
492 1027 608 1076 νοῦν
648 1024 731 1076 καὶ
773 1021 1040 1094 λογισμὸν,
1100 1026 1204 1078 εἴτε
1238 1023 1331 1079 σὺν
1365 1029 1477 1095 θεῷ’
1513 1031 1599 1094 τῆς
1636 1024 1887 1095 ἀληθείας
1919 1022 2063 1094 ἄψα-

327 1113 517 1180 μένοις’
558 1105 627 1163 ὧν
663 1115 716 1164 ἓν
751 1113 859 1164 ἔστι
894 1112 979 1164 καὶ
1015 1110 1074 1165 τὸ
1112 1113 1229 1182 περὶ
1260 1116 1352 1179 τῆς
1385 1115 1646 1182 γενέσεως·

462 1193 749 1252 δεινότατον
789 1201 929 1252 θεῶν
975 1204 1170 1269 γείνατο
1205 1199 1469 1262 εὗπέδιλος
1497 1194 1619 1269 Ἶρις
1654 1197 1934 1272 χρυσοκόμᾳ
1968 1203 2061 1252 Ζε-

1262 1284 1402 1358 φύρῳ
1439 1291 1697 1358 μιχθεῖσα.

329 1372 495 1440 Quod
549 1372 747 1426 Alcaei
798 1393 940 1440 esse,
993 1375 1321 1446 intelligitur
1368 1395 1435 1428 ex
1486 1377 1606 1428 loco
1654 1374 1898 1445 Etymol.
1936 1372 2061 1426 MS·

327 1479 411 1531 ap.
456 1459 721 1513 Valcken-
764 1462 922 1514 diatr.
969 1482 1021 1534 p.
1067 1465 1180 1516 161.
1232 1462 1398 1532 (Vid.
1440 1463 1680 1532 Etymol.
1729 1462 1968 1519 Gudian.
2008 1480 2062 1532 p.

328 1546 445 1615 273,
492 1549 591 1616 17.)
632 1547 690 1599 in
729 1567 781 1598 v.
809 1544 1025 1617 Ἵμερος.
1064 1550 1124 1602 τὰ
1165 1547 1305 1618 ἄνθη
1341 1549 1567 1618 λέγουσιν
1594 1546 1801 1618 ’Ἰμερα,
1859 1550 1971 1602 ἐπεὶ
2009 1552 2065 1602 ἐν

326 1637 396 1702 τῷ
436 1636 542 1700 ἔαρι
579 1632 820 1702 φύονται,
877 1633 960 1689 ὅτε
997 1638 1079 1688 καὶ
1121 1634 1180 1686 τοὶ
1217 1633 1426 1702 ἐρωτικὰ
1458 1631 1744 1702 θερμότερα
1784 1638 1904 1688 ἔστί.
1943 1633 2066 1688 τοῦ-

325 1740 416 1772 του
461 1717 601 1790 χάριν
650 1723 734 1775 καὶ
791 1720 1077 1784 δ’Λλκαῖος
1116 1718 1346 1787 Ζεφύρου
1390 1723 1473 1776 καὶ
1510 1720 1701 1790 Ἴριδος
1748 1721 1833 1774 τὸν
1865 1720 2066 1792 ”Epona

325 1811 493 1875 φησίν.
557 1806 756 1879 ’Έριδος
784 1811 931 1863 male
965 1811 1044 1862 ibi
1072 1811 1220 1861 coni.
1259 1809 1453 1862 Valck.
1495 1809 1594 1860 etsi
1628 1809 1706 1860 sic
1743 1816 1934 1859 auctor
1971 1827 2065 1860 ar-

325 1912 473 1963 gum.
510 1895 749 1947 Theocr.
785 1896 858 1948 id.
894 1897 971 1949 15.
1059 1895 1376 1964 Utrumque
1410 1896 1595 1947 locum
1627 1896 1738 1947 iam
1775 1913 2064 1965 compara-

327 1980 409 2031 vit
458 1981 733 2034 Porsonus
781 1986 840 2036 in
879 1993 1004 2035 nota
1053 1983 1118 2035 ad
1157 1983 1361 2035 Markl.
1411 1991 1523 2034 not.
1574 1983 1640 2034 ad
1690 1983 1824 2034 Eur.
1866 1982 2061 2054 Suppl.

325 2087 377 2139 p.
421 2067 534 2139 194.
585 2069 705 2127 (ed.
746 2069 920 2122 Gaisf.
956 2069 1141 2122 Oxou.
1188 2069 1370 2130 1311.)
1419 2078 1471 2121 et
1513 2069 1754 2121 Lobeck.
1797 2070 1861 2122 ad
1901 2069 2061 2123 Aiac.

325 2173 379 2226 p.
416 2156 535 2209 552.
586 2155 848 2209 Numeris
893 2159 1173 2224 descripsit
1211 2155 1385 2209 Gaisf.
1420 2157 1486 2208 ad
1520 2156 1705 2228 Heph.
1740 2175 1792 2229 p.
1836 2158 1954 2227 557.

462 2269 535 2280 ·-
605 2272 675 2283 --
749 2242 988 2313 (Ἐρωτα)
1025 2241 1316 2298 δεινότατον
1350 2247 1491 2298 θεῶν

750 2332 966 2400 ἕχείιάτ’
998 2333 1263 2394 εὗ-πέόιλος
1287 2326 1416 2402 ῗῙρις

751 2418 1033 2492 χρυσοκόμᾳ
1075 2416 1282 2486 Ζεφύρῳ
1321 2427 1536 2489 μιγεῖσα.

327 2502 482 2556 Idem
520 2504 803 2577 adscripsit
839 2508 1024 2559 locum
1066 2506 1331 2560 Eustathii
1369 2508 1435 2559 ad
1472 2509 1536 2560 11.
1567 2504 1620 2560 ε’.
1657 2528 1707 2579 p.
1732 2510 2056 2574 555=421,

325 2592 408 2662 59.
448 2592 570 2656 φασὶ
607 2592 661 2644 δὲ
710 2591 802 2659 τὴν
833 2587 957 2661 Ἶριν
1004 2594 1247 2663 ἐρωτικὴν
1288 2597 1371 2648 καὶ
1407 2592 1568 2664 αὐτὴν
1616 2597 1757 2649 εἶναι.
1825 2599 1909 2650 καὶ
1955 2599 2058 2666 μήν

325 2697 482 2742 τινες,
518 2674 583 2739 ὦς
621 2679 705 2732 καὶ
742 2678 1027 2750 προεγράφη
1068 2682 1149 2750 (Il.
1189 2678 1246 2751 γ’.
1283 2703 1338 2754 p.
1374 2685 1696 2756 591=296,
1736 2685 1848 2751 26.)
1896 2689 2058 2754 αὐτῆς

220 2826 232 2831 ,
324 2765 406 2815 καὶ
457 2763 683 2835 Ζεφύρου
747 2767 909 2819 παῖδα
968 2770 1093 2836 φασὶ
1149 2773 1389 2838 γενέσθαι
1438 2770 1526 2824 τὸν
1557 2769 1773 2843 ’Έρωτοι
1880 2772 2055 2846 Apud

324 2849 524 2902 Bloms.
563 2863 638 2905 est
675 2874 759 2906 nr.
797 2854 871 2908 V.

463 2937 665 2996 XXV.
703 2942 968 3015 Apollon.
1003 2943 1173 3014 Dysc.
1212 2964 1262 3016 p.
1303 2945 1419 3000 584.
1462 2946 1634 2998 Bekk.

665 3027 833 3082 ἄεισον
870 3029 995 3097 ἄμμι
1031 3030 1120 3083 τὰν
1157 3029 1416 3088 ἶόκολπον.

322 3111 604 3167 Maittaire
646 3114 704 3167 in
745 3115 935 3187 Apoll.
973 3118 1103 3170 Exc.
1152 3139 1203 3192 p.
1243 3120 1560 3175 584=430.
1600 3121 1663 3172 Β.
1705 3120 1927 3172 dederat
1962 3118 2051 3175 τὰν

321 3195 582 3266 ὤκολπον,
630 3201 725 3254 ubi
761 3203 1016 3257 Albertio
1054 3206 1163 3258 iam
1212 3204 1455 3261 ἲόκολπον
1501 3209 1850 3261 scribendum
1890 3209 2049 3262 vide-

320 3286 494 3341 batur.
566 3288 634 3342 cf.
702 3289 1088 3363 Index'graeC.
1125 3293 1192 3345 ad
1230 3295 1392 3364 Greg.
1434 3296 1561 3348 Cor.
1612 3296 1696 3347 ed.
1736 3294 1949 3346 Schaef.
1997 3316 2075 3368 p-

330 3391 478 3426 1010-
526 3397 573 3430 a.
657 3377 858 3430 Blomf.
906 3382 1051 3450 apud
1099 3399 1261 3451 quem
1310 3381 1414 3436 hoc
1462 3385 1529 3437 fr.
1581 3395 1658 3438 est
1709 3404 1792 3436 nr.
1829 3383 2045 3437 LXVI.
