2293 3650
1013 230 1170 296 15'

183 405 412 460 prorsus
444 384 745 457 frigidum,
793 384 850 437 id
889 386 1047 440 nihili
1080 399 1188 453 est3
1246 408 1421 461 neque
1458 391 1606 444 enim
1641 390 1915 461 iungenda

183 484 310 530 sunt
343 470 470 544 πρός
506 494 616 526 τινα
649 476 699 541 β
737 493 793 524 π.
830 474 924 526 sed
958 479 1047 528 νῦν
1082 473 1180 546 χρή
1217 497 1326 530 τινα
1362 481 1484 543 μεθ.
1521 478 1607 531 καὶ
1641 475 1768 546 πρὸς
1796 481 1916 547 βίαν

180 565 373 621 πίνειν,
425 580 490 613 eo
533 579 695 613 sensu
739 579 995 632 pronom.
1046 584 1147 625 τις,
1194 583 1301 633 quo
1348 565 1560 618 Herod.
1595 564 1756 626 VIII,
1803 583 1916 636 ¹09·

182 648 321 702 dixit
358 651 444 700 καί
481 669 556 709 τις
593 651 757 716 οἰκίην
794 644 1177 701 ἀναπλασάσθω
1197 687 1210 711 ,
1262 651 1356 702 ubi
1392 651 1587 704 Valck.
1625 651 1772 704 hunc
1808 651 1919 706 Al-

181 736 294 788 caei
339 736 528 789 locum
577 736 825 806 explicat.
883 735 1015 788 Vid.
1070 736 1321 789 Gramm·
1374 755 1454 807 gr.
1518 739 1565 807 ς.
1603 738 1722 807 487.
1764 756 1810 791 2.
1865 748 1918 792 et

176 820 306 891 πρὸς
339 827 458 892 βίαν
496 846 551 877 π.
589 833 680 883 ,θεὲ
718 828 973 885 invitum,
1011 836 1254 875 coactum
1290 828 1484 887 bibere,
1522 833 1581 876 ut
1619 824 1787 896 Soph.
1829 846 1916 898 ap.

177 909 387 965 Athen.
438 912 516 965 X.
575 931 629 982 p.
668 910 788 963 428.
825 909 900 963 Α.
950 907 1007 963 τὸ
1059 908 1186 980 πρὸς
1231 916 1348 980 βίαν
1395 916 1560 965 πίνειν
1606 913 1718 965 ἴσον
1767 915 1919 968 κακὸν

176 1001 371 1063 πέφυκε
408 1003 475 1067 τῷ
511 998 670 1065 διψῆν
706 999 812 1067 βίᾳ.
877 997 945 1049 cf.
983 998 1456 1071 Aristoph2Acli.
1497 1001 1582 1069 75.
1636 1019 1749 1052 non
1801 1007 1920 1068 rio-

177 1088 369 1139 lentias
419 1087 622 1148 bibere,
673 1094 733 1137 ut
781 1085 1109 1138 Grotefend.
1176 1087 1340 1140 vertit
1403 1087 1549 1158 apud
1611 1087 1916 1158 Schweigh-

175 1171 369 1224 Anim.
421 1171 488 1223 Τ.
515 1170 588 1222 V.
637 1191 693 1243 p.
731 1173 854 1226 412.
963 1174 1151 1225 Potuit
1211 1175 1378 1226 etiam
1427 1175 1694 1227 Horatius
1755 1194 1916 1228 suum

175 1277 313 1307 nunc
336 1262 476 1323 pede
514 1263 679 1310 libero
710 1264 980 1326 pulsanda
1016 1265 1166 1311 tellus
1210 1280 1280 1314 ex
1315 1262 1399 1322 iis,
1437 1280 1575 1331 quae
1611 1263 1918 1332 sequeban-

175 1351 268 1395 tur
318 1363 404 1415 ap.
461 1344 768 1411 Alcaeum,
835 1349 1093 1413 haurire,
1149 1359 1209 1401 ut
1252 1348 1470 1402 monuit
1511 1349 1713 1402 Herm.
1756 1352 1914 1403 elem.

101 1423 116 1429 “
144 1468 150 1474 .
177 1430 349 1482 doctr.
377 1440 538 1486 metr.
566 1453 620 1505 p.
638 1435 832 1504 Gsssssq.
875 1436 1137 1489 Ceterum
1155 1432 1915 1506 ΒΙοωΓ.μεθὺσκην-παιήν.

172 1516 359 1588 Etym.
396 1520 478 1574 M.
511 1540 562 1587 p·
598 1521 719 1585 542,
759 1540 841 1579 22.
895 1522 952 1577 τὸ
1002 1523 1057 1576 δὲ
1097 1523 1257 1594 λέγειν
1294 1524 1379 1575 καὶ
1415 1525 1583 1592 φέρειν
1622 1528 1672 1577 οῖ
1707 1525 1919 1587 Αἰολεῖς

174 1602 325 1673 λέγην
360 1607 444 1657 καὶ
482 1609 639 1674 φέρην
687 1607 887 1675 λέγουσι
936 1608 1018 1662 διὰ
1052 1616 1144 1664 τοῦ
1184 1633 1233 1680 η.
1297 1610 1477 1663 Koen.
1530 1612 1599 1664 ad
1641 1612 1810 1682 Greg.
1851 1613 1917 1666 de

175 1691 299 1743 dial.
338 1691 501 1744 Aeol.
547 1692 595 1758 §
633 1693 749 1746 X.“

315 1863 391 1917 V.
449 1863 686 1918 Aristot.
732 1865 892 1918 Polit.
931 1867 1036 1931 III,
1095 1885 1177 1922 10.
1227 1868 1377 1938 δηλοῖ
1425 1869 1483 1922 δ’.
1523 1869 1788 1935 Ἀλκαῖος,
1835 1869 1917 1927 ὅτι

173 1947 416 2020 τύραννον
453 1952 649 2007 εἵλοντο
685 1951 774 2008 τὸν
811 1954 1076 2009 Πιττακὸν
1116 1958 1171 2010 ἔν
1206 1976 1303 2010 τινι
1343 1960 1442 2009 τῶν
1479 1956 1693 2013 σκολιῶν
1725 1959 1913 2028 μελῶν·

171 2042 380 2113 ἐπιτιμᾷ
415 2037 507 2110 γὰρ
544 2036 624 2094 ὅτι

1034 2126 1125 2183 τὸν
1161 2130 1502 2201 κακοπάτριδα

314 2213 578 2268 Πιττακὸν
613 2213 809 2276 πόλεως
846 2219 933 2277 τᾶς
968 2212 1134 2287 ἆχόλω
1170 2219 1254 2271 καὶ
1291 2219 1661 2289 βαρυδαίμονος

313 2298 588 2356 ἐσπάσαντο
625 2298 867 2369 τύραννον
903 2304 1014 2372 μέγ’
1060 2307 1378 2367 ἐπαινεῧντες
1417 2305 1644 2369 ἀολλέες.

172 2388 359 2441 Ursin.
409 2409 463 2461 p.
506 2407 622 2459 107.
682 2389 886 2443 Blomf.
937 2410 1022 2442 nr.
1069 2392 1295 2445 XXIII.
1371 2392 1461 2444 Sic
1508 2393 1915 2466 descripserunt

173 2486 227 2529 et
274 2478 638 2530 emendarunt
672 2477 773 2530 hos
821 2497 1010 2531 versus
1051 2479 1333 2535 Gaisford.
1389 2481 1457 2533 ad
1507 2482 1808 2552 Hephaest.
1858 2504 1911 2555 p.

169 2567 291 2621 510.
364 2564 566 2618 Blomf.
582 2565 972 2618 Friedemann.
1012 2567 1079 2618 de
1116 2567 1305 2619 media·
1336 2569 1458 2638 syll.
1498 2578 1736 2640 pentam.
1777 2571 1909 2639 eleg.

170 2673 224 2725 p.
268 2655 387 2708 554.
434 2650 598 2722 ἀχόλω
642 2654 754 2706 iam
790 2653 981 2705 Ursin.
1019 2653 1183 2706 dedit.
1255 2655 1323 2707 In
1363 2656 1681 2709 Aristotelis
1720 2676 1912 2710 exem-

168 2741 415 2813 plaribus
452 2741 652 2811 legitur
686 2736 883 2809 ἇσχόλω
922 2751 976 2793 et
1011 2743 1344 2804 ἐπαινέοντες.
1392 2742 1609 2812 (Fried.
1644 2746 1912 2798 ἐπαινοῦν-

167 2829 289 2897 τες).
363 2829 456 2882 Ad
495 2826 661 2881 ἒστάσ.
703 2824 808 2897 τῦρ.
846 2827 1123 2883 Friedem.
1161 2829 1345 2881 laudat
1378 2830 1588 2900 Musgr.
1631 2831 1700 2883 ad
1739 2831 1909 2904 Soph-

169 2916 361 2986 Antig.
405 2916 521 2970 666.
587 2915 799 2968 Herod.
828 2916 902 2981 V,
939 2916 1023 2973 42.
1097 2917 1193 2970 Ad
1245 2918 1438 2969 ultima
1486 2919 1711 2990 respicit
1763 2920 1905 2972 Plut.

169 3002 357 3056 Amat.
404 3024 459 3076 p.
499 3005 616 3075 763.
655 3004 718 3056 E.
769 3004 934 3058 Tom.
973 3005 1074 3058 IV.
1111 3026 1162 3077 p.
1204 3006 1289 3059 61.
1348 3005 1535 3077 xVytt.
1582 3026 1747 3078 quem
1793 3007 1905 3059 iam

172 3089 258 3141 cit.
296 3090 482 3144 Ursin.
509 3097 646 3162 κοινῇ
672 3091 760 3146 τὸν
787 3093 983 3162 ’Έρωτα
1018 3089 1432 3163 συνεγγράφουσιν
1467 3097 1538 3156 εἷς
1560 3093 1722 3156 θεοὺς
1749 3115 1905 3162 ποιη-

169 3178 271 3228 τῶν
293 3180 343 3229 οῖ
379 3175 636 3254 αράτιστοι
672 3183 756 3234 καὶ
790 3184 1084 3249 νομοθετῶν
1116 3182 1199 3233 καὶ
1235 3179 1528 3248 φιλοσόφων
1564 3180 1758 3250 ἀθρόαι
1795 3201 1904 3246 φω-

167 3260 279 3326 ναὶ,
331 3267 490 3334 μέγα
548 3270 1006 3334 ἐπαινέοντες,
1073 3265 1244 3338 ὥσπερ
1298 3270 1395 3338 ἔφη
1439 3268 1525 3320 τὸν
1566 3276 1823 3323 Πιττακον
1872 3263 1900 3320 ὅ

160 3345 395 3411 Ἀλκαῖος
428 3355 694 3423 αἱρεῖσθαι
740 3355 859 3421 τοὺς
895 3356 1284 3427 Μυτιληναίους
1319 3353 1565 3427 τύραννον
