<?xml version="1.0" encoding="UTF-8"?>
<!DOCTYPE html PUBLIC "-//W3C//DTD XHTML 1.0 Transitional//EN"
    "http://www.w3.org/TR/xhtml1/DTD/xhtml1-transitional.dtd">
<html xmlns="http://www.w3.org/1999/xhtml" xml:lang="en" lang="en">
 <head>
  <title>
</title>
<meta http-equiv="Content-Type" content="text/html;charset=utf-8" />
  <meta name='ocr-system' content='tesseract 3.04.00' />
  <meta name='ocr-capabilities' content='ocr_page ocr_carea ocr_par ocr_line ocrx_word'/>
</head>
<body>
  <div class='ocr_page' id='page_1' title='image "./reliquiaecollegi00alcauoft_0085.png"; bbox 0 0 2293 3650; ppageno 0'>
   <div class='ocr_carea' id='block_1_1' title="bbox 913 264 988 321">
    <p class='ocr_par' dir='ltr' id='par_1_1' title="bbox 913 264 988 321">
     <span class='ocr_line' id='line_1_1' title="bbox 913 264 988 321; baseline 0.04 -3"><span class='ocrx_word' id='word_1_1' title='bbox 913 264 988 321; x_wconf 84' lang='lat'>71</span> 
     </span>
    </p>
   </div>
   <div class='ocr_carea' id='block_1_2' title="bbox 434 405 1537 498">
    <p class='ocr_par' dir='ltr' id='par_1_2' title="bbox 434 405 1537 498">
     <span class='ocr_line' id='line_1_2' title="bbox 434 405 1537 498; baseline 0.001 -1"><span class='ocrx_word' id='word_1_2' title='bbox 434 405 1537 498; x_wconf 45' lang='lat' dir='ltr'><strong>EPIMETRUMJ</strong></span> 
     </span>
    </p>
   </div>
   <div class='ocr_carea' id='block_1_3' title="bbox 79 583 1817 2368">
    <p class='ocr_par' dir='ltr' id='par_1_3' title="bbox 79 583 1816 1856">
     <span class='ocr_line' id='line_1_3' title="bbox 170 583 1808 660; baseline 0.003 -23"><span class='ocrx_word' id='word_1_3' title='bbox 170 591 200 605; x_wconf 81' lang='grc'>“’</span> <span class='ocrx_word' id='word_1_4' title='bbox 233 583 426 652; x_wconf 89' lang='lat' dir='ltr'>Quum</span> <span class='ocrx_word' id='word_1_5' title='bbox 464 585 568 637; x_wconf 88' lang='lat' dir='ltr'>hoc</span> <span class='ocrx_word' id='word_1_6' title='bbox 595 602 792 656; x_wconf 88' lang='lat' dir='ltr'>corpus</span> <span class='ocrx_word' id='word_1_7' title='bbox 815 583 1169 654; x_wconf 87' lang='lat' dir='ltr'>reliquiarum</span> <span class='ocrx_word' id='word_1_8' title='bbox 1194 583 1386 638; x_wconf 81' lang='lat' dir='ltr'><strong>Alcaei</strong></span> <span class='ocrx_word' id='word_1_9' title='bbox 1410 584 1478 638; x_wconf 84' lang='lat' dir='ltr'>ab</span> <span class='ocrx_word' id='word_1_10' title='bbox 1499 602 1646 640; x_wconf 91' lang='lat' dir='ltr'>anno</span> <span class='ocrx_word' id='word_1_11' title='bbox 1675 586 1808 660; x_wconf 83' lang='lat'>1819</span> 
     </span>
     <span class='ocr_line' id='line_1_4' title="bbox 94 670 1812 740; baseline 0.002 -15"><span class='ocrx_word' id='word_1_12' title='bbox 94 689 262 740; x_wconf 84' lang='lat' dir='ltr'>usque</span> <span class='ocrx_word' id='word_1_13' title='bbox 299 672 364 724; x_wconf 88' lang='lat' dir='ltr'>ad</span> <span class='ocrx_word' id='word_1_14' title='bbox 404 690 610 724; x_wconf 90' lang='lat' dir='ltr'>annum</span> <span class='ocrx_word' id='word_1_15' title='bbox 651 671 798 726; x_wconf 80' lang='lat'>1825.</span> <span class='ocrx_word' id='word_1_16' title='bbox 836 671 895 722; x_wconf 90' lang='lat' dir='ltr'>in</span> <span class='ocrx_word' id='word_1_17' title='bbox 931 671 1026 722; x_wconf 90' lang='lat' dir='ltr'>Fr.</span> <span class='ocrx_word' id='word_1_18' title='bbox 1062 670 1208 740; x_wconf 90' lang='lat' dir='ltr'>Aug.</span> <span class='ocrx_word' id='word_1_19' title='bbox 1245 670 1451 725; x_wconf 90' lang='lat' dir='ltr'>Wolfii</span> <span class='ocrx_word' id='word_1_20' title='bbox 1485 673 1696 728; x_wconf 86' lang='lat' dir='ltr'>scriniis</span> <span class='ocrx_word' id='word_1_21' title='bbox 1726 675 1812 728; x_wconf 89' lang='lat' dir='ltr'>la-</span> 
     </span>
     <span class='ocr_line' id='line_1_5' title="bbox 94 756 1811 828; baseline 0.002 -17"><span class='ocrx_word' id='word_1_22' title='bbox 94 768 265 823; x_wconf 85' lang='lat' dir='ltr'><strong>teret,</strong></span> <span class='ocrx_word' id='word_1_23' title='bbox 326 758 418 828; x_wconf 89' lang='lat' dir='ltr'>qui</span> <span class='ocrx_word' id='word_1_24' title='bbox 454 758 593 810; x_wconf 84' lang='lat' dir='ltr'>illud</span> <span class='ocrx_word' id='word_1_25' title='bbox 630 758 1003 810; x_wconf 82' lang='lat' dir='ltr'>analectorum</span> <span class='ocrx_word' id='word_1_26' title='bbox 1034 756 1196 808; x_wconf 86' lang='lat' dir='ltr'>litter.</span> <span class='ocrx_word' id='word_1_27' title='bbox 1233 756 1414 808; x_wconf 90' lang='lat' dir='ltr'>Tomo</span> <span class='ocrx_word' id='word_1_28' title='bbox 1447 760 1608 813; x_wconf 82' lang='lat' dir='ltr'>tertio</span> <span class='ocrx_word' id='word_1_29' title='bbox 1646 761 1811 814; x_wconf 84' lang='lat' dir='ltr'>desti-</span> 
     </span>
     <span class='ocr_line' id='line_1_6' title="bbox 93 842 1811 913; baseline 0.002 -16"><span class='ocrx_word' id='word_1_30' title='bbox 93 854 348 909; x_wconf 84' lang='lat' dir='ltr'>naverat,</span> <span class='ocrx_word' id='word_1_31' title='bbox 404 864 506 898; x_wconf 89' lang='lat' dir='ltr'>nec</span> <span class='ocrx_word' id='word_1_32' title='bbox 543 863 640 913; x_wconf 89' lang='lat' dir='ltr'>ego</span> <span class='ocrx_word' id='word_1_33' title='bbox 687 843 821 896; x_wconf 90' lang='lat' dir='ltr'>illud</span> <span class='ocrx_word' id='word_1_34' title='bbox 872 843 959 895; x_wconf 90' lang='lat' dir='ltr'>vel</span> <span class='ocrx_word' id='word_1_35' title='bbox 1005 842 1255 913; x_wconf 86' lang='lat' dir='ltr'>precibus</span> <span class='ocrx_word' id='word_1_36' title='bbox 1303 843 1391 895; x_wconf 87' lang='lat' dir='ltr'>vel</span> <span class='ocrx_word' id='word_1_37' title='bbox 1440 846 1676 913; x_wconf 86' lang='lat' dir='ltr'><strong>querelis</strong></span> <span class='ocrx_word' id='word_1_38' title='bbox 1719 847 1811 901; x_wconf 88' lang='lat' dir='ltr'>vel</span> 
     </span>
     <span class='ocr_line' id='line_1_7' title="bbox 92 929 1812 999; baseline 0.002 -17"><span class='ocrx_word' id='word_1_39' title='bbox 92 931 258 982; x_wconf 89' lang='lat' dir='ltr'>minis</span> <span class='ocrx_word' id='word_1_40' title='bbox 302 931 436 983; x_wconf 87' lang='lat' dir='ltr'>adeo</span> <span class='ocrx_word' id='word_1_41' title='bbox 484 931 549 982; x_wconf 86' lang='lat' dir='ltr'>ab</span> <span class='ocrx_word' id='word_1_42' title='bbox 600 949 665 981; x_wconf 90' lang='lat' dir='ltr'>eo</span> <span class='ocrx_word' id='word_1_43' title='bbox 715 940 1040 999; x_wconf 85' lang='lat' dir='ltr'>extorquere</span> <span class='ocrx_word' id='word_1_44' title='bbox 1089 929 1413 999; x_wconf 78' lang='lat' dir='ltr'>potuissem,</span> <span class='ocrx_word' id='word_1_45' title='bbox 1474 929 1680 985; x_wconf 86' lang='lat' dir='ltr'>factum</span> <span class='ocrx_word' id='word_1_46' title='bbox 1718 944 1812 999; x_wconf 90' lang='lat' dir='ltr'>est,</span> 
     </span>
     <span class='ocr_line' id='line_1_8' title="bbox 92 1015 1812 1089; baseline 0.002 -21"><span class='ocrx_word' id='word_1_47' title='bbox 92 1026 154 1068; x_wconf 90' lang='lat' dir='ltr'>ut</span> <span class='ocrx_word' id='word_1_48' title='bbox 190 1035 329 1087; x_wconf 89' lang='lat' dir='ltr'>quae</span> <span class='ocrx_word' id='word_1_49' title='bbox 366 1036 468 1087; x_wconf 86' lang='lat' dir='ltr'>per</span> <span class='ocrx_word' id='word_1_50' title='bbox 506 1015 611 1066; x_wconf 91' lang='lat' dir='ltr'>hoc</span> <span class='ocrx_word' id='word_1_51' title='bbox 646 1024 860 1087; x_wconf 87' lang='lat' dir='ltr'>tempus</span> <span class='ocrx_word' id='word_1_52' title='bbox 899 1017 967 1067; x_wconf 88' lang='lat' dir='ltr'>ad</span> <span class='ocrx_word' id='word_1_53' title='bbox 1005 1016 1224 1087; x_wconf 62' lang='lat' dir='ltr'>poetam</span> <span class='ocrx_word' id='word_1_54' title='bbox 1263 1017 1591 1089; x_wconf 80' lang='lat' dir='ltr'>pertinentia</span> <span class='ocrx_word' id='word_1_55' title='bbox 1626 1018 1812 1072; x_wconf 90' lang='lat' dir='ltr'>obser-</span> 
     </span>
     <span class='ocr_line' id='line_1_9' title="bbox 91 1102 1813 1172; baseline 0.002 -17"><span class='ocrx_word' id='word_1_56' title='bbox 91 1121 378 1168; x_wconf 84' lang='lat' dir='ltr'>vaveram‚</span> <span class='ocrx_word' id='word_1_57' title='bbox 423 1112 618 1155; x_wconf 84' lang='lat' dir='ltr'>notare</span> <span class='ocrx_word' id='word_1_58' title='bbox 662 1122 777 1154; x_wconf 90' lang='lat' dir='ltr'>non</span> <span class='ocrx_word' id='word_1_59' title='bbox 814 1120 1031 1172; x_wconf 87' lang='lat' dir='ltr'>possem</span> <span class='ocrx_word' id='word_1_60' title='bbox 1071 1112 1124 1155; x_wconf 90' lang='lat' dir='ltr'>et</span> <span class='ocrx_word' id='word_1_61' title='bbox 1158 1102 1286 1155; x_wconf 92' lang='lat' dir='ltr'>huic</span> <span class='ocrx_word' id='word_1_62' title='bbox 1324 1103 1631 1157; x_wconf 81' lang='lat' dir='ltr'>collectioni</span> <span class='ocrx_word' id='word_1_63' title='bbox 1666 1106 1813 1159; x_wconf 89' lang='lat' dir='ltr'>inse-</span> 
     </span>
     <span class='ocr_line' id='line_1_10' title="bbox 89 1188 1812 1262; baseline 0.002 -20"><span class='ocrx_word' id='word_1_64' title='bbox 89 1207 246 1251; x_wconf 82' lang='lat' dir='ltr'>rere,</span> <span class='ocrx_word' id='word_1_65' title='bbox 315 1209 591 1260; x_wconf 88' lang='lat' dir='ltr'>quumque</span> <span class='ocrx_word' id='word_1_66' title='bbox 628 1190 847 1243; x_wconf 83' lang='lat' dir='ltr'>tandem</span> <span class='ocrx_word' id='word_1_67' title='bbox 886 1198 1010 1241; x_wconf 89' lang='lat' dir='ltr'>ante</span> <span class='ocrx_word' id='word_1_68' title='bbox 1045 1188 1150 1241; x_wconf 91' lang='lat' dir='ltr'>hoc</span> <span class='ocrx_word' id='word_1_69' title='bbox 1182 1189 1468 1244; x_wconf 88' lang='lat' dir='ltr'>biennium</span> <span class='ocrx_word' id='word_1_70' title='bbox 1501 1201 1624 1262; x_wconf 86' lang='lat' dir='ltr'>post</span> <span class='ocrx_word' id='word_1_71' title='bbox 1657 1210 1812 1245; x_wconf 90' lang='lat' dir='ltr'>mor-</span> 
     </span>
     <span class='ocr_line' id='line_1_11' title="bbox 88 1274 1814 1347; baseline 0.001 -18"><span class='ocrx_word' id='word_1_72' title='bbox 88 1286 200 1329; x_wconf 86' lang='lat' dir='ltr'>tem</span> <span class='ocrx_word' id='word_1_73' title='bbox 236 1276 445 1330; x_wconf 84' lang='lat' dir='ltr'>Wolfii</span> <span class='ocrx_word' id='word_1_74' title='bbox 488 1278 719 1330; x_wconf 85' lang='lat' dir='ltr'>scidulas</span> <span class='ocrx_word' id='word_1_75' title='bbox 764 1278 891 1329; x_wconf 88' lang='lat' dir='ltr'>istas</span> <span class='ocrx_word' id='word_1_76' title='bbox 939 1294 1040 1347; x_wconf 87' lang='lat' dir='ltr'>per</span> <span class='ocrx_word' id='word_1_77' title='bbox 1073 1274 1275 1329; x_wconf 89' lang='lat' dir='ltr'>Viram</span> <span class='ocrx_word' id='word_1_78' title='bbox 1312 1275 1367 1328; x_wconf 92' lang='lat' dir='ltr'>S.</span> <span class='ocrx_word' id='word_1_79' title='bbox 1399 1276 1470 1330; x_wconf 87' lang='lat' dir='ltr'>R.</span> <span class='ocrx_word' id='word_1_80' title='bbox 1502 1277 1814 1345; x_wconf 85' lang='lat' dir='ltr'>Koertium,</span> 
     </span>
     <span class='ocr_line' id='line_1_12' title="bbox 89 1361 1815 1435; baseline 0.002 -19"><span class='ocrx_word' id='word_1_81' title='bbox 89 1383 355 1434; x_wconf 86' lang='lat' dir='ltr'>generum</span> <span class='ocrx_word' id='word_1_82' title='bbox 394 1363 630 1429; x_wconf 86' lang='lat' dir='ltr'>Wolfii,</span> <span class='ocrx_word' id='word_1_83' title='bbox 689 1381 1126 1435; x_wconf 88' lang='lat' dir='ltr'>recuperassem,</span> <span class='ocrx_word' id='word_1_84' title='bbox 1183 1361 1490 1432; x_wconf 87' lang='lat' dir='ltr'>fragmenta</span> <span class='ocrx_word' id='word_1_85' title='bbox 1537 1364 1605 1418; x_wconf 89' lang='lat' dir='ltr'>ad</span> <span class='ocrx_word' id='word_1_86' title='bbox 1653 1384 1815 1421; x_wconf 87' lang='lat' dir='ltr'>suum</span> 
     </span>
     <span class='ocr_line' id='line_1_13' title="bbox 79 1437 1814 1520; baseline 0.002 -18"><span class='ocrx_word' id='word_1_87' title='bbox 79 1437 332 1520; x_wconf 45' lang='lat' dir='ltr'>‘quaeque</span> <span class='ocrx_word' id='word_1_88' title='bbox 364 1449 546 1500; x_wconf 90' lang='lat' dir='ltr'>locum</span> <span class='ocrx_word' id='word_1_89' title='bbox 584 1448 795 1502; x_wconf 84' lang='lat' dir='ltr'>referre</span> <span class='ocrx_word' id='word_1_90' title='bbox 831 1449 1179 1518; x_wconf 85' lang='lat' dir='ltr'>negligerem.</span> <span class='ocrx_word' id='word_1_91' title='bbox 1249 1450 1403 1500; x_wconf 85' lang='lat' dir='ltr'>Haec</span> <span class='ocrx_word' id='word_1_92' title='bbox 1438 1460 1595 1503; x_wconf 86' lang='lat' dir='ltr'>erant</span> <span class='ocrx_word' id='word_1_93' title='bbox 1630 1454 1814 1507; x_wconf 86' lang='lat' dir='ltr'>omnia</span> 
     </span>
     <span class='ocr_line' id='line_1_14' title="bbox 89 1531 1815 1605; baseline 0.002 -17"><span class='ocrx_word' id='word_1_94' title='bbox 89 1537 183 1588; x_wconf 89' lang='lat' dir='ltr'>illa</span> <span class='ocrx_word' id='word_1_95' title='bbox 213 1535 548 1605; x_wconf 85' lang='lat' dir='ltr'>fragmenta,</span> <span class='ocrx_word' id='word_1_96' title='bbox 594 1554 732 1604; x_wconf 85' lang='lat' dir='ltr'>quae</span> <span class='ocrx_word' id='word_1_97' title='bbox 757 1535 822 1587; x_wconf 88' lang='lat' dir='ltr'>ab</span> <span class='ocrx_word' id='word_1_98' title='bbox 847 1535 1169 1587; x_wconf 84' lang='lat' dir='ltr'>Herodiano</span> <span class='ocrx_word' id='word_1_99' title='bbox 1207 1535 1323 1602; x_wconf 82' lang='grc' dir='ltr'><strong><em>περὶ</em></strong></span> <span class='ocrx_word' id='word_1_100' title='bbox 1357 1531 1604 1604; x_wconf 80' lang='grc' dir='ltr'><strong><em>μονήρους</em></strong></span> <span class='ocrx_word' id='word_1_101' title='bbox 1640 1541 1815 1604; x_wconf 79' lang='grc' dir='ltr'><em>λέξεως</em></span> 
     </span>
     <span class='ocr_line' id='line_1_15' title="bbox 91 1620 1816 1692; baseline 0.003 -19"><span class='ocrx_word' id='word_1_102' title='bbox 91 1621 151 1674; x_wconf 89' lang='lat' dir='ltr'>in</span> <span class='ocrx_word' id='word_1_103' title='bbox 201 1621 343 1673; x_wconf 86' lang='lat' dir='ltr'>libro</span> <span class='ocrx_word' id='word_1_104' title='bbox 390 1640 422 1673; x_wconf 83' lang='lat' dir='ltr'>a</span> <span class='ocrx_word' id='word_1_105' title='bbox 471 1621 620 1672; x_wconf 90' lang='lat' dir='ltr'>Guil.</span> <span class='ocrx_word' id='word_1_106' title='bbox 658 1620 954 1672; x_wconf 87' lang='lat' dir='ltr'>Dindorfio</span> <span class='ocrx_word' id='word_1_107' title='bbox 1001 1640 1146 1672; x_wconf 92' lang='lat' dir='ltr'>anno</span> <span class='ocrx_word' id='word_1_108' title='bbox 1191 1621 1340 1674; x_wconf 79' lang='grc'><strong>1825.</strong></span> <span class='ocrx_word' id='word_1_109' title='bbox 1382 1621 1629 1692; x_wconf 89' lang='lat' dir='ltr'>primum</span> <span class='ocrx_word' id='word_1_110' title='bbox 1669 1626 1816 1678; x_wconf 80' lang='lat' dir='ltr'>edito</span> 
     </span>
     <span class='ocr_line' id='line_1_16' title="bbox 90 1706 1812 1776; baseline 0.003 -16"><span class='ocrx_word' id='word_1_111' title='bbox 90 1717 304 1760; x_wconf 85' lang='lat' dir='ltr'>servata</span> <span class='ocrx_word' id='word_1_112' title='bbox 339 1715 490 1768; x_wconf 85' lang='lat' dir='ltr'>sunt,</span> <span class='ocrx_word' id='word_1_113' title='bbox 531 1726 775 1776; x_wconf 89' lang='lat' dir='ltr'>quaeque</span> <span class='ocrx_word' id='word_1_114' title='bbox 808 1726 879 1759; x_wconf 88' lang='lat' dir='ltr'>ne</span> <span class='ocrx_word' id='word_1_115' title='bbox 914 1725 1060 1759; x_wconf 91' lang='lat' dir='ltr'>nunc</span> <span class='ocrx_word' id='word_1_116' title='bbox 1095 1706 1349 1775; x_wconf 90' lang='lat' dir='ltr'>quidem,</span> <span class='ocrx_word' id='word_1_117' title='bbox 1389 1707 1496 1762; x_wconf 88' lang='lat' dir='ltr'>nisi</span> <span class='ocrx_word' id='word_1_118' title='bbox 1531 1709 1600 1763; x_wconf 89' lang='lat' dir='ltr'>ab</span> <span class='ocrx_word' id='word_1_119' title='bbox 1635 1714 1812 1765; x_wconf 83' lang='lat' dir='ltr'>amico</span> 
     </span>
     <span class='ocr_line' id='line_1_17' title="bbox 91 1791 1506 1856; baseline -0.003 -8"><span class='ocrx_word' id='word_1_120' title='bbox 91 1794 432 1856; x_wconf 82' lang='lat' dir='ltr'>admonitus,</span> <span class='ocrx_word' id='word_1_121' title='bbox 471 1794 672 1846; x_wconf 86' lang='lat' dir='ltr'>addere</span> <span class='ocrx_word' id='word_1_122' title='bbox 706 1794 764 1845; x_wconf 91' lang='lat' dir='ltr'>in</span> <span class='ocrx_word' id='word_1_123' title='bbox 802 1802 1041 1845; x_wconf 89' lang='lat' dir='ltr'>mentem</span> <span class='ocrx_word' id='word_1_124' title='bbox 1081 1791 1219 1845; x_wconf 91' lang='lat' dir='ltr'>mihi</span> <span class='ocrx_word' id='word_1_125' title='bbox 1258 1792 1506 1847; x_wconf 85' lang='lat' dir='ltr'>venisset.</span> 
     </span>
    </p>

    <p class='ocr_par' dir='ltr' id='par_1_4' title="bbox 90 1874 1817 2368">
     <span class='ocr_line' id='line_1_18' title="bbox 233 1874 1816 1955; baseline 0.003 -24"><span class='ocrx_word' id='word_1_126' title='bbox 233 1879 388 1948; x_wconf 85' lang='lat' dir='ltr'>Quae</span> <span class='ocrx_word' id='word_1_127' title='bbox 433 1880 500 1932; x_wconf 92' lang='lat' dir='ltr'>de</span> <span class='ocrx_word' id='word_1_128' title='bbox 537 1898 656 1933; x_wconf 83' lang='lat' dir='ltr'>voc.</span> <span class='ocrx_word' id='word_1_129' title='bbox 693 1874 903 1947; x_wconf 78' lang='grc' dir='ltr'><strong><em>οὗρανός</em></strong></span> <span class='ocrx_word' id='word_1_130' title='bbox 936 1880 1286 1931; x_wconf 86' lang='lat' dir='ltr'>Herodianus</span> <span class='ocrx_word' id='word_1_131' title='bbox 1322 1899 1380 1948; x_wconf 85' lang='lat' dir='ltr'>p.</span> <span class='ocrx_word' id='word_1_132' title='bbox 1415 1899 1482 1948; x_wconf 58' lang='lat'>7,</span> <span class='ocrx_word' id='word_1_133' title='bbox 1504 1879 1585 1932; x_wconf 83' lang='lat'>25.</span> <span class='ocrx_word' id='word_1_134' title='bbox 1625 1881 1816 1955; x_wconf 89' lang='lat' dir='ltr'>dispu-</span> 
     </span>
     <span class='ocr_line' id='line_1_19' title="bbox 90 1964 1817 2036; baseline -0.001 -15"><span class='ocrx_word' id='word_1_135' title='bbox 90 1978 192 2032; x_wconf 85' lang='lat' dir='ltr'>tat,</span> <span class='ocrx_word' id='word_1_136' title='bbox 228 1967 297 2020; x_wconf 88' lang='lat' dir='ltr'>ad</span> <span class='ocrx_word' id='word_1_137' title='bbox 331 1966 527 2036; x_wconf 84' lang='lat' dir='ltr'>fragm.</span> <span class='ocrx_word' id='word_1_138' title='bbox 565 1965 817 2018; x_wconf 91' lang='lat' dir='ltr'>XXVII.</span> <span class='ocrx_word' id='word_1_139' title='bbox 855 1983 908 2035; x_wconf 89' lang='lat' dir='ltr'>p.</span> <span class='ocrx_word' id='word_1_140' title='bbox 939 1979 1021 2031; x_wconf 86' lang='lat'>27.</span> <span class='ocrx_word' id='word_1_141' title='bbox 1058 1965 1351 2035; x_wconf 87' lang='lat' dir='ltr'>pertinent.</span> <span class='ocrx_word' id='word_1_142' title='bbox 1407 1964 1598 2019; x_wconf 86' lang='lat' dir='ltr'>Verba</span> <span class='ocrx_word' id='word_1_143' title='bbox 1628 1967 1817 2020; x_wconf 91' lang='lat' dir='ltr'>Hero-</span> 
     </span>
     <span class='ocr_line' id='line_1_20' title="bbox 92 2051 1817 2119; baseline 0 -11"><span class='ocrx_word' id='word_1_144' title='bbox 92 2055 241 2109; x_wconf 85' lang='lat' dir='ltr'>diani</span> <span class='ocrx_word' id='word_1_145' title='bbox 289 2064 444 2105; x_wconf 84' lang='lat' dir='ltr'>sunt:</span> <span class='ocrx_word' id='word_1_146' title='bbox 491 2051 721 2112; x_wconf 78' lang='grc' dir='ltr'><strong><em>Ἀλκαῖος</em></strong></span> <span class='ocrx_word' id='word_1_147' title='bbox 761 2051 816 2104; x_wconf 85' lang='grc' dir='ltr'>δὲ</span> <span class='ocrx_word' id='word_1_148' title='bbox 856 2054 926 2111; x_wconf 81' lang='grc' dir='ltr'>εἰς</span> <span class='ocrx_word' id='word_1_149' title='bbox 973 2073 1011 2102; x_wconf 90' lang='grc' dir='ltr'>ω</span> <span class='ocrx_word' id='word_1_150' title='bbox 1053 2051 1385 2118; x_wconf 74' lang='grc' dir='ltr'><strong><em>ἀποφαίνεται</em></strong></span> <span class='ocrx_word' id='word_1_151' title='bbox 1427 2051 1484 2105; x_wconf 89' lang='grc' dir='ltr'>τὸ</span> <span class='ocrx_word' id='word_1_152' title='bbox 1532 2051 1690 2119; x_wconf 76' lang='grc' dir='ltr'><strong><em>ὄνομα</em></strong></span> <span class='ocrx_word' id='word_1_153' title='bbox 1730 2055 1817 2109; x_wconf 80' lang='grc' dir='ltr'>καὶ</span> 
     </span>
     <span class='ocr_line' id='line_1_21' title="bbox 91 2135 1815 2210; baseline -0.001 -15"><span class='ocrx_word' id='word_1_154' title='bbox 91 2138 277 2210; x_wconf 82' lang='grc' dir='ltr'><em>ὧρανὸς</em></span> <span class='ocrx_word' id='word_1_155' title='bbox 316 2139 471 2207; x_wconf 81' lang='grc' dir='ltr'><strong><em>λέγων</em></strong></span> <span class='ocrx_word' id='word_1_156' title='bbox 506 2136 630 2190; x_wconf 80' lang='grc' dir='ltr'><strong><em>κατὰ</em></strong></span> <span class='ocrx_word' id='word_1_157' title='bbox 666 2135 856 2206; x_wconf 71' lang='grc' dir='ltr'><strong><em>τροπήν</em></strong></span> <span class='ocrx_word' id='word_1_158' title='bbox 894 2140 985 2204; x_wconf 78' lang='grc' dir='ltr'>τῆς</span> <span class='ocrx_word' id='word_1_159' title='bbox 1018 2139 1075 2189; x_wconf 84' lang='grc' dir='ltr'>δῦ</span> <span class='ocrx_word' id='word_1_160' title='bbox 1108 2135 1392 2208; x_wconf 77' lang='grc' dir='ltr'><strong><em>διφθὸγγου</em></strong></span> <span class='ocrx_word' id='word_1_161' title='bbox 1422 2142 1493 2200; x_wconf 80' lang='grc' dir='ltr'>εἷς</span> <span class='ocrx_word' id='word_1_162' title='bbox 1518 2136 1612 2207; x_wconf 85' lang='grc' dir='ltr'>τὴν</span> <span class='ocrx_word' id='word_1_163' title='bbox 1631 2145 1695 2203; x_wconf 81' lang='grc' dir='ltr'>ὥ,</span> <span class='ocrx_word' id='word_1_164' title='bbox 1730 2142 1815 2195; x_wconf 76' lang='grc' dir='ltr'>καὶ</span> 
     </span>
     <span class='ocr_line' id='line_1_22' title="bbox 90 2220 1814 2296; baseline 0.001 -17"><span class='ocrx_word' id='word_1_165' title='bbox 90 2226 208 2280; x_wconf 70' lang='grc' dir='ltr'><strong><em>ἄνευ</em></strong></span> <span class='ocrx_word' id='word_1_166' title='bbox 243 2230 334 2280; x_wconf 71' lang='grc' dir='ltr'>τοῦ</span> <span class='ocrx_word' id='word_1_167' title='bbox 372 2232 403 2280; x_wconf 80' lang='grc' dir='ltr'><strong><em>ὗ</em></strong></span> <span class='ocrx_word' id='word_1_168' title='bbox 440 2222 643 2293; x_wconf 77' lang='grc' dir='ltr'><strong><em>ὄρανός,</em></strong></span> <span class='ocrx_word' id='word_1_169' title='bbox 694 2221 823 2278; x_wconf 77' lang='grc' dir='ltr'><strong><em>ὥστε</em></strong></span> <span class='ocrx_word' id='word_1_170' title='bbox 869 2221 926 2276; x_wconf 89' lang='grc' dir='ltr'>τὸ</span> <span class='ocrx_word' id='word_1_171' title='bbox 969 2220 1355 2292; x_wconf 72' lang='grc' dir='ltr'><strong><em>ἐπιζητούμενον</em></strong></span> <span class='ocrx_word' id='word_1_172' title='bbox 1392 2223 1515 2294; x_wconf 76' lang='grc' dir='ltr'><strong><em>παρ’</em></strong></span> <span class='ocrx_word' id='word_1_173' title='bbox 1554 2224 1691 2296; x_wconf 79' lang='grc' dir='ltr'><strong><em>αὐτῷ’</em></strong></span> <span class='ocrx_word' id='word_1_174' title='bbox 1727 2225 1814 2281; x_wconf 81' lang='grc' dir='ltr'>λε-</span> 
     </span>
     <span class='ocr_line' id='line_1_23' title="bbox 91 2309 303 2368; baseline -0.014 -2"><span class='ocrx_word' id='word_1_175' title='bbox 91 2309 303 2368; x_wconf 76' lang='grc' dir='ltr'><strong>λῦσθαι.</strong></span> 
     </span>
    </p>
   </div>
   <div class='ocr_carea' id='block_1_4' title="bbox 92 2411 1813 2656">
    <p class='ocr_par' dir='ltr' id='par_1_5' title="bbox 92 2411 1813 2656">
     <span class='ocr_line' id='line_1_24' title="bbox 189 2411 1813 2486; baseline -0.001 -16"><span class='ocrx_word' id='word_1_176' title='bbox 189 2419 200 2426; x_wconf 82' lang='grc'><strong><em>’</em></strong></span> <span class='ocrx_word' id='word_1_177' title='bbox 229 2414 442 2470; x_wconf 73' lang='lat' dir='ltr'>XCI-V.</span> <span class='ocrx_word' id='word_1_178' title='bbox 467 2413 518 2465; x_wconf 88' lang='lat' dir='ltr'>b.</span> <span class='ocrx_word' id='word_1_179' title='bbox 582 2413 738 2465; x_wconf 88' lang='lat' dir='ltr'>Idem</span> <span class='ocrx_word' id='word_1_180' title='bbox 782 2433 840 2486; x_wconf 88' lang='lat' dir='ltr'>p.</span> <span class='ocrx_word' id='word_1_181' title='bbox 882 2432 975 2476; x_wconf 86' lang='lat'>10,</span> <span class='ocrx_word' id='word_1_182' title='bbox 1014 2414 1081 2470; x_wconf 88' lang='lat'>25</span> <span class='ocrx_word' id='word_1_183' title='bbox 1118 2431 1196 2482; x_wconf 91' lang='lat' dir='ltr'>sq.</span> <span class='ocrx_word' id='word_1_184' title='bbox 1244 2413 1439 2483; x_wconf 80' lang='grc' dir='ltr'><strong><em>εἴρηται</em></strong></span> <span class='ocrx_word' id='word_1_185' title='bbox 1472 2412 1526 2466; x_wconf 83' lang='grc' dir='ltr'>δὲ</span> <span class='ocrx_word' id='word_1_186' title='bbox 1561 2411 1587 2467; x_wconf 82' lang='grc' dir='ltr'>ὅ</span> <span class='ocrx_word' id='word_1_187' title='bbox 1625 2413 1813 2482; x_wconf 85' lang='grc' dir='ltr'><strong><em>δαίμων</em></strong></span> 
     </span>
     <span class='ocr_line' id='line_1_25' title="bbox 93 2498 1810 2575; baseline 0.001 -20"><span class='ocrx_word' id='word_1_188' title='bbox 93 2503 214 2575; x_wconf 73' lang='grc' dir='ltr'><strong><em>παρ’</em></strong></span> <span class='ocrx_word' id='word_1_189' title='bbox 253 2502 466 2570; x_wconf 84' lang='grc' dir='ltr'><strong><em>Ἀλκαίῳ</em></strong></span> <span class='ocrx_word' id='word_1_190' title='bbox 514 2499 596 2552; x_wconf 82' lang='grc' dir='ltr'>διὰ</span> <span class='ocrx_word' id='word_1_191' title='bbox 642 2503 734 2551; x_wconf 73' lang='grc' dir='ltr'>τοῦ</span> <span class='ocrx_word' id='word_1_192' title='bbox 768 2503 826 2561; x_wconf 85' lang='grc' dir='ltr'>ἆ,</span> <span class='ocrx_word' id='word_1_193' title='bbox 884 2504 1116 2569; x_wconf 84' lang='grc' dir='ltr'><strong><em>μένοντος</em></strong></span> <span class='ocrx_word' id='word_1_194' title='bbox 1152 2501 1242 2550; x_wconf 74' lang='grc' dir='ltr'>τοῦ</span> <span class='ocrx_word' id='word_1_195' title='bbox 1278 2518 1332 2550; x_wconf 92' lang='grc' dir='ltr'>ν·</span> <span class='ocrx_word' id='word_1_196' title='bbox 1391 2498 1643 2556; x_wconf 80' lang='grc' dir='ltr'><strong><em>οὗδέπω</em></strong></span> <span class='ocrx_word' id='word_1_197' title='bbox 1681 2508 1810 2558; x_wconf 84' lang='grc' dir='ltr'>Πο-</span> 
     </span>
     <span class='ocr_line' id='line_1_26' title="bbox 92 2584 1374 2656; baseline -0.007 -9"><span class='ocrx_word' id='word_1_198' title='bbox 92 2591 318 2646; x_wconf 80' lang='grc' dir='ltr'><strong><em>σειδᾶν</em></strong></span> <span class='ocrx_word' id='word_1_199' title='bbox 361 2584 656 2656; x_wconf 77' lang='grc' dir='ltr'><strong><em>ἁλμυρὸν</em></strong></span> <span class='ocrx_word' id='word_1_200' title='bbox 694 2586 1084 2654; x_wconf 78' lang='grc' dir='ltr'><strong><em>ἐστυφέλιξε</em></strong></span> <span class='ocrx_word' id='word_1_201' title='bbox 1119 2588 1374 2640; x_wconf 78' lang='grc' dir='ltr'><strong><em>πόντον.</em></strong></span> 
     </span>
    </p>
   </div>
   <div class='ocr_carea' id='block_1_5' title="bbox 203 2780 1811 3350">
    <p class='ocr_par' dir='ltr' id='par_1_6' title="bbox 203 2780 1811 3350">
     <span class='ocr_line' id='line_1_27' title="bbox 205 2780 1810 2840; baseline 0.001 -11"><span class='ocrx_word' id='word_1_202' title='bbox 205 2797 307 2838; x_wconf 80' lang='lat' dir='ltr'>tur,</span> <span class='ocrx_word' id='word_1_203' title='bbox 343 2795 396 2829; x_wconf 89' lang='lat' dir='ltr'>ut</span> <span class='ocrx_word' id='word_1_204' title='bbox 423 2784 689 2840; x_wconf 89' lang='lat' dir='ltr'>praecedens</span> <span class='ocrx_word' id='word_1_205' title='bbox 717 2782 774 2827; x_wconf 80' lang='lat' dir='ltr'>fr.</span> <span class='ocrx_word' id='word_1_206' title='bbox 803 2780 914 2838; x_wconf 77' lang='grc' dir='ltr'>ἕὸω,</span> <span class='ocrx_word' id='word_1_207' title='bbox 944 2799 1038 2840; x_wconf 89' lang='lat' dir='ltr'>quo</span> <span class='ocrx_word' id='word_1_208' title='bbox 1064 2787 1146 2827; x_wconf 81' lang='lat' dir='ltr'>vix</span> <span class='ocrx_word' id='word_1_209' title='bbox 1166 2787 1362 2840; x_wconf 85' lang='lat' dir='ltr'>scriptor</span> <span class='ocrx_word' id='word_1_210' title='bbox 1388 2783 1569 2828; x_wconf 83' lang='lat' dir='ltr'>Atticus</span> <span class='ocrx_word' id='word_1_211' title='bbox 1595 2799 1704 2829; x_wconf 88' lang='lat' dir='ltr'>usus</span> <span class='ocrx_word' id='word_1_212' title='bbox 1730 2796 1810 2839; x_wconf 77' lang='lat' dir='ltr'>est,</span> 
     </span>
     <span class='ocr_line' id='line_1_28' title="bbox 203 2858 1810 2913; baseline 0.001 -11"><span class='ocrx_word' id='word_1_213' title='bbox 203 2862 361 2903; x_wconf 87' lang='lat' dir='ltr'>locum</span> <span class='ocrx_word' id='word_1_214' title='bbox 401 2861 521 2901; x_wconf 84' lang='lat' dir='ltr'>tueri</span> <span class='ocrx_word' id='word_1_215' title='bbox 563 2866 737 2913; x_wconf 85' lang='lat' dir='ltr'>potest,</span> <span class='ocrx_word' id='word_1_216' title='bbox 788 2860 828 2901; x_wconf 85' lang='lat' dir='ltr'>si</span> <span class='ocrx_word' id='word_1_217' title='bbox 871 2861 1039 2913; x_wconf 85' lang='lat' dir='ltr'>cogites</span> <span class='ocrx_word' id='word_1_218' title='bbox 1079 2870 1174 2900; x_wconf 88' lang='lat' dir='ltr'>esse</span> <span class='ocrx_word' id='word_1_219' title='bbox 1210 2858 1299 2900; x_wconf 90' lang='lat' dir='ltr'>hoc</span> <span class='ocrx_word' id='word_1_220' title='bbox 1334 2867 1463 2900; x_wconf 76' lang='lat' dir='ltr'>vetus</span> <span class='ocrx_word' id='word_1_221' title='bbox 1500 2860 1810 2912; x_wconf 76' lang='lat' dir='ltr'>proverbium.</span> 
     </span>
     <span class='ocr_line' id='line_1_29' title="bbox 205 2926 1811 2985; baseline 0 -11"><span class='ocrx_word' id='word_1_222' title='bbox 205 2931 275 2979; x_wconf 86' lang='lat' dir='ltr'>Cf.</span> <span class='ocrx_word' id='word_1_223' title='bbox 309 2932 516 2974; x_wconf 82' lang='lat' dir='ltr'>Eustath.</span> <span class='ocrx_word' id='word_1_224' title='bbox 546 2931 598 2973; x_wconf 88' lang='lat' dir='ltr'>ad</span> <span class='ocrx_word' id='word_1_225' title='bbox 629 2929 720 2975; x_wconf 88' lang='lat' dir='ltr'>Od.</span> <span class='ocrx_word' id='word_1_226' title='bbox 744 2930 778 2972; x_wconf 82' lang='grc' dir='ltr'>ἐ.</span> <span class='ocrx_word' id='word_1_227' title='bbox 819 2945 863 2985; x_wconf 91' lang='lat' dir='ltr'>p.</span> <span class='ocrx_word' id='word_1_228' title='bbox 906 2932 1037 2982; x_wconf 75' lang='lat'>1541,</span> <span class='ocrx_word' id='word_1_229' title='bbox 1076 2929 1142 2972; x_wconf 80' lang='lat'>55.</span> <span class='ocrx_word' id='word_1_230' title='bbox 1188 2926 1306 2972; x_wconf 77' lang='grc' dir='ltr'><strong><em>ὅθεν</em></strong></span> <span class='ocrx_word' id='word_1_231' title='bbox 1340 2930 1519 2983; x_wconf 81' lang='grc' dir='ltr'><strong><em>εἴρηται</em></strong></span> <span class='ocrx_word' id='word_1_232' title='bbox 1556 2928 1609 2972; x_wconf 84' lang='grc' dir='ltr'>τὸ</span> <span class='ocrx_word' id='word_1_233' title='bbox 1641 2927 1726 2973; x_wconf 80' lang='grc' dir='ltr'>ἔδω</span> <span class='ocrx_word' id='word_1_234' title='bbox 1759 2928 1811 2974; x_wconf 77' lang='grc' dir='ltr'>δ’</span> 
     </span>
     <span class='ocr_line' id='line_1_30' title="bbox 203 2999 1810 3059; baseline 0.001 -13"><span class='ocrx_word' id='word_1_235' title='bbox 203 3000 406 3058; x_wconf 76' lang='grc' dir='ltr'><strong><em>ἐμαυτὸν</em></strong></span> <span class='ocrx_word' id='word_1_236' title='bbox 435 3003 492 3046; x_wconf 68' lang='grc' dir='ltr'>οἷς</span> <span class='ocrx_word' id='word_1_237' title='bbox 520 2999 763 3045; x_wconf 72' lang='grc' dir='ltr'><strong><em>πολύπους.</em></strong></span> <span class='ocrx_word' id='word_1_238' title='bbox 833 3001 971 3059; x_wconf 84' lang='lat' dir='ltr'>Quod</span> <span class='ocrx_word' id='word_1_239' title='bbox 1007 3017 1116 3046; x_wconf 83' lang='lat' dir='ltr'>vero</span> <span class='ocrx_word' id='word_1_240' title='bbox 1146 3004 1354 3056; x_wconf 86' lang='lat' dir='ltr'>Heynius</span> <span class='ocrx_word' id='word_1_241' title='bbox 1383 3001 1518 3048; x_wconf 82' lang='lat' dir='ltr'>obss.</span> <span class='ocrx_word' id='word_1_242' title='bbox 1548 3003 1602 3045; x_wconf 91' lang='lat' dir='ltr'>ad</span> <span class='ocrx_word' id='word_1_243' title='bbox 1634 3004 1740 3047; x_wconf 89' lang='lat' dir='ltr'>Tib.</span> <span class='ocrx_word' id='word_1_244' title='bbox 1771 3007 1810 3057; x_wconf 92' lang='lat'>1,</span> 
     </span>
     <span class='ocr_line' id='line_1_31' title="bbox 210 3071 1809 3131; baseline 0.001 -14"><span class='ocrx_word' id='word_1_245' title='bbox 210 3091 251 3129; x_wconf 84' lang='lat'>1,</span> <span class='ocrx_word' id='word_1_246' title='bbox 281 3077 349 3117; x_wconf 85' lang='lat'>25.</span> <span class='ocrx_word' id='word_1_247' title='bbox 379 3090 441 3118; x_wconf 78' lang='lat' dir='ltr'>ex</span> <span class='ocrx_word' id='word_1_248' title='bbox 463 3076 665 3128; x_wconf 77' lang='lat' dir='ltr'>Murem,</span> <span class='ocrx_word' id='word_1_249' title='bbox 695 3086 909 3131; x_wconf 82' lang='lat' dir='ltr'>tanquam</span> <span class='ocrx_word' id='word_1_250' title='bbox 935 3075 1092 3131; x_wconf 83' lang='lat' dir='ltr'>fragm.</span> <span class='ocrx_word' id='word_1_251' title='bbox 1117 3077 1273 3119; x_wconf 86' lang='lat' dir='ltr'>Alcaei</span> <span class='ocrx_word' id='word_1_252' title='bbox 1302 3075 1430 3119; x_wconf 83' lang='lat' dir='ltr'>affert</span> <span class='ocrx_word' id='word_1_253' title='bbox 1459 3072 1616 3118; x_wconf 83' lang='grc' dir='ltr'><strong><em>λασίας</em></strong></span> <span class='ocrx_word' id='word_1_254' title='bbox 1641 3071 1809 3130; x_wconf 79' lang='grc' dir='ltr'><strong><em>θάμνῳ</em></strong></span> 
     </span>
     <span class='ocr_line' id='line_1_32' title="bbox 208 3143 1809 3203; baseline 0 -12"><span class='ocrx_word' id='word_1_255' title='bbox 208 3146 299 3192; x_wconf 74' lang='grc' dir='ltr'>ὗπό</span> <span class='ocrx_word' id='word_1_256' title='bbox 336 3144 574 3192; x_wconf 69' lang='grc' dir='ltr'><strong><em>πλατάνου</em></strong></span> <span class='ocrx_word' id='word_1_257' title='bbox 602 3144 827 3203; x_wconf 70' lang='grc' dir='ltr'><strong><em>Καύματ’</em></strong></span> <span class='ocrx_word' id='word_1_258' title='bbox 856 3143 1099 3202; x_wconf 81' lang='grc' dir='ltr'><strong><em>ὅπωρινοῖο</em></strong></span> <span class='ocrx_word' id='word_1_259' title='bbox 1135 3145 1288 3203; x_wconf 73' lang='grc' dir='ltr'><strong><em>φυγών</em></strong></span> <span class='ocrx_word' id='word_1_260' title='bbox 1315 3143 1471 3200; x_wconf 79' lang='grc' dir='ltr'><strong><em>κυνός,</em></strong></span> <span class='ocrx_word' id='word_1_261' title='bbox 1517 3162 1672 3191; x_wconf 69' lang='lat' dir='ltr'>versus</span> <span class='ocrx_word' id='word_1_262' title='bbox 1703 3157 1809 3191; x_wconf 83' lang='lat' dir='ltr'>sunt</span> 
     </span>
     <span class='ocr_line' id='line_1_33' title="bbox 209 3217 1807 3279; baseline -0.001 -16"><span class='ocrx_word' id='word_1_263' title='bbox 209 3225 353 3277; x_wconf 83' lang='lat' dir='ltr'>epigr.</span> <span class='ocrx_word' id='word_1_264' title='bbox 378 3217 659 3274; x_wconf 81' lang='grc' dir='ltr'><strong><em>α’ὃεσπότου,</em></strong></span> <span class='ocrx_word' id='word_1_265' title='bbox 697 3221 823 3279; x_wconf 87' lang='lat' dir='ltr'>quod</span> <span class='ocrx_word' id='word_1_266' title='bbox 851 3221 954 3262; x_wconf 82' lang='lat' dir='ltr'>vide</span> <span class='ocrx_word' id='word_1_267' title='bbox 982 3225 1030 3263; x_wconf 89' lang='lat' dir='ltr'>in</span> <span class='ocrx_word' id='word_1_268' title='bbox 1057 3221 1191 3263; x_wconf 80' lang='lat' dir='ltr'>Anal.</span> <span class='ocrx_word' id='word_1_269' title='bbox 1225 3221 1282 3266; x_wconf 89' lang='lat' dir='ltr'>T.</span> <span class='ocrx_word' id='word_1_270' title='bbox 1306 3221 1392 3263; x_wconf 85' lang='lat' dir='ltr'>IV.</span> <span class='ocrx_word' id='word_1_271' title='bbox 1421 3235 1466 3276; x_wconf 89' lang='lat' dir='ltr'>p.</span> <span class='ocrx_word' id='word_1_272' title='bbox 1501 3234 1592 3275; x_wconf 88' lang='lat'>¹71·</span> <span class='ocrx_word' id='word_1_273' title='bbox 1630 3218 1807 3264; x_wconf 87' lang='lat' dir='ltr'>CCLX.</span> 
     </span>
     <span class='ocr_line' id='line_1_34' title="bbox 211 3293 1720 3350; baseline -0.002 -14"><span class='ocrx_word' id='word_1_274' title='bbox 211 3293 282 3337; x_wconf 84' lang='lat' dir='ltr'>ed.</span> <span class='ocrx_word' id='word_1_275' title='bbox 313 3294 485 3337; x_wconf 83' lang='lat' dir='ltr'>lacobs.</span> <span class='ocrx_word' id='word_1_276' title='bbox 514 3305 559 3337; x_wconf 85' lang='lat' dir='ltr'>et</span> <span class='ocrx_word' id='word_1_277' title='bbox 586 3298 636 3338; x_wconf 81' lang='lat' dir='ltr'>iu</span> <span class='ocrx_word' id='word_1_278' title='bbox 665 3293 852 3338; x_wconf 69' lang='lat' dir='ltr'>lacobsii</span> <span class='ocrx_word' id='word_1_279' title='bbox 882 3293 1019 3338; x_wconf 81' lang='lat' dir='ltr'>Anth.</span> <span class='ocrx_word' id='word_1_280' title='bbox 1051 3308 1119 3348; x_wconf 80' lang='lat' dir='ltr'>gr.</span> <span class='ocrx_word' id='word_1_281' title='bbox 1153 3293 1214 3336; x_wconf 89' lang='grc' dir='ltr'>Τ.</span> <span class='ocrx_word' id='word_1_282' title='bbox 1239 3295 1306 3337; x_wconf 91' lang='grc' dir='ltr'>ΙΙ.</span> <span class='ocrx_word' id='word_1_283' title='bbox 1338 3308 1383 3350; x_wconf 86' lang='lat' dir='ltr'>p.</span> <span class='ocrx_word' id='word_1_284' title='bbox 1407 3293 1502 3349; x_wconf 73' lang='lat'>694.</span> <span class='ocrx_word' id='word_1_285' title='bbox 1530 3307 1598 3335; x_wconf 77' lang='lat' dir='ltr'>nr.</span> <span class='ocrx_word' id='word_1_286' title='bbox 1622 3305 1720 3347; x_wconf 82' lang='lat'><em>227.</em></span> 
     </span>
    </p>
   </div>
   <div class='ocr_carea' id='block_1_6' title="bbox 1210 3362 1255 3415">
    <p class='ocr_par' dir='ltr' id='par_1_7' title="bbox 1210 3362 1255 3415">
     <span class='ocr_line' id='line_1_35' title="bbox 1210 3362 1255 3415; baseline 0 0"><span class='ocrx_word' id='word_1_287' title='bbox 1210 3362 1255 3415; x_wconf 90' lang='lat' dir='ltr'><strong>F</strong></span> 
     </span>
    </p>
   </div>
  </div>
 </body>
</html>
