<?xml version="1.0" encoding="UTF-8"?>
<!DOCTYPE html PUBLIC "-//W3C//DTD XHTML 1.0 Transitional//EN"
    "http://www.w3.org/TR/xhtml1/DTD/xhtml1-transitional.dtd">
<html xmlns="http://www.w3.org/1999/xhtml" xml:lang="en" lang="en">
 <head>
  <title>
</title>
<meta http-equiv="Content-Type" content="text/html;charset=utf-8" />
  <meta name='ocr-system' content='tesseract 3.04.00' />
  <meta name='ocr-capabilities' content='ocr_page ocr_carea ocr_par ocr_line ocrx_word'/>
</head>
<body>
  <div class='ocr_page' id='page_1' title='image "./reliquiaecollegi00alcauoft_0054.png"; bbox 0 0 2293 3650; ppageno 0'>
   <div class='ocr_carea' id='block_1_1' title="bbox 1180 244 1265 305">
    <p class='ocr_par' dir='ltr' id='par_1_1' title="bbox 1180 244 1265 305">
     <span class='ocr_line' id='line_1_1' title="bbox 1180 244 1265 305; baseline 0 0"><span class='ocrx_word' id='word_1_1' title='bbox 1180 244 1265 305; x_wconf 84' lang='lat'><strong>40</strong></span> 
     </span>
    </p>
   </div>
   <div class='ocr_carea' id='block_1_2' title="bbox 358 396 2100 2900">
    <p class='ocr_par' dir='ltr' id='par_1_2' title="bbox 358 396 2100 2900">
     <span class='ocr_line' id='line_1_2' title="bbox 365 396 2086 470; baseline -0.003 -14"><span class='ocrx_word' id='word_1_2' title='bbox 365 402 600 457; x_wconf 88' lang='lat' dir='ltr'><strong>Theocr.</strong></span> <span class='ocrx_word' id='word_1_3' title='bbox 629 410 710 460; x_wconf 63' lang='lat'><strong>11.</strong></span> <span class='ocrx_word' id='word_1_4' title='bbox 738 409 790 454; x_wconf 88' lang='lat' dir='ltr'><strong>et</strong></span> <span class='ocrx_word' id='word_1_5' title='bbox 819 402 898 455; x_wconf 80' lang='lat'><strong>15.</strong></span> <span class='ocrx_word' id='word_1_6' title='bbox 935 399 1026 470; x_wconf 87' lang='lat' dir='ltr'><strong>(cf.</strong></span> <span class='ocrx_word' id='word_1_7' title='bbox 1053 398 1222 470; x_wconf 84' lang='lat' dir='ltr'><strong>epigr.</strong></span> <span class='ocrx_word' id='word_1_8' title='bbox 1249 396 1403 469; x_wconf 86' lang='lat' dir='ltr'><strong>VII.)</strong></span> <span class='ocrx_word' id='word_1_9' title='bbox 1436 417 1670 451; x_wconf 81' lang='lat' dir='ltr'><strong>uxorem</strong></span> <span class='ocrx_word' id='word_1_10' title='bbox 1689 396 2086 452; x_wconf 77' lang='lat' dir='ltr'><strong>Alexandriam</strong></span> 
     </span>
     <span class='ocr_line' id='line_1_3' title="bbox 364 486 2087 558; baseline -0.003 -16"><span class='ocrx_word' id='word_1_11' title='bbox 364 491 621 553; x_wconf 82' lang='lat' dir='ltr'><strong>missum3</strong></span> <span class='ocrx_word' id='word_1_12' title='bbox 663 498 848 557; x_wconf 91' lang='lat' dir='ltr'><strong>estque</strong></span> <span class='ocrx_word' id='word_1_13' title='bbox 880 487 986 539; x_wconf 90' lang='lat' dir='ltr'><strong>hoc</strong></span> <span class='ocrx_word' id='word_1_14' title='bbox 1011 487 1243 538; x_wconf 85' lang='lat' dir='ltr'><strong>alterum</strong></span> <span class='ocrx_word' id='word_1_15' title='bbox 1268 487 1584 558; x_wconf 85' lang='lat' dir='ltr'><strong>exemplum</strong></span> <span class='ocrx_word' id='word_1_16' title='bbox 1621 494 1810 556; x_wconf 88' lang='lat' dir='ltr'><strong>poetae</strong></span> <span class='ocrx_word' id='word_1_17' title='bbox 1845 486 2087 558; x_wconf 84' lang='lat' dir='ltr'><strong>patrium</strong></span> 
     </span>
     <span class='ocr_line' id='line_1_4' title="bbox 364 571 2089 645; baseline -0.001 -19"><span class='ocrx_word' id='word_1_18' title='bbox 364 594 674 628; x_wconf 89' lang='lat' dir='ltr'><strong>sermonem</strong></span> <span class='ocrx_word' id='word_1_19' title='bbox 712 574 1046 645; x_wconf 85' lang='lat' dir='ltr'><strong>negligentis·</strong></span> <span class='ocrx_word' id='word_1_20' title='bbox 1070 583 1122 625; x_wconf 92' lang='lat' dir='ltr'><strong>et</strong></span> <span class='ocrx_word' id='word_1_21' title='bbox 1157 574 1448 626; x_wconf 79' lang='lat' dir='ltr'><strong>dIalectum</strong></span> <span class='ocrx_word' id='word_1_22' title='bbox 1480 571 1829 644; x_wconf 80' lang='lat' dir='ltr'>peregrinam</span> <span class='ocrx_word' id='word_1_23' title='bbox 1856 592 2089 643; x_wconf 91' lang='lat' dir='ltr'><strong>sequen-</strong></span> 
     </span>
     <span class='ocr_line' id='line_1_5' title="bbox 364 657 2088 732; baseline 0.001 -21"><span class='ocrx_word' id='word_1_24' title='bbox 364 661 461 722; x_wconf 78' lang='lat' dir='ltr'><strong>tis,</strong></span> <span class='ocrx_word' id='word_1_25' title='bbox 525 662 684 730; x_wconf 89' lang='lat' dir='ltr'><strong>quale</strong></span> <span class='ocrx_word' id='word_1_26' title='bbox 721 663 933 715; x_wconf 86' lang='lat' dir='ltr'><strong>nullum</strong></span> <span class='ocrx_word' id='word_1_27' title='bbox 972 661 1116 732; x_wconf 86' lang='lat' dir='ltr'><strong>apud</strong></span> <span class='ocrx_word' id='word_1_28' title='bbox 1154 661 1395 713; x_wconf 87' lang='lat' dir='ltr'><strong>Graecos</strong></span> <span class='ocrx_word' id='word_1_29' title='bbox 1434 658 1677 712; x_wconf 85' lang='lat' dir='ltr'><strong>inveniri</strong></span> <span class='ocrx_word' id='word_1_30' title='bbox 1711 657 1819 709; x_wconf 92' lang='lat' dir='ltr'><strong>Th.</strong></span> <span class='ocrx_word' id='word_1_31' title='bbox 1859 659 2088 712; x_wconf 85' lang='lat' dir='ltr'><strong>dixerat.</strong></span> 
     </span>
     <span class='ocr_line' id='line_1_6' title="bbox 362 746 2091 818; baseline 0.001 -21"><span class='ocrx_word' id='word_1_32' title='bbox 362 746 607 802; x_wconf 85' lang='lat' dir='ltr'><strong>Litterae</strong></span> <span class='ocrx_word' id='word_1_33' title='bbox 647 759 827 801; x_wconf 85' lang='lat' dir='ltr'><strong>autem</strong></span> <span class='ocrx_word' id='word_1_34' title='bbox 866 749 1127 802; x_wconf 88' lang='lat' dir='ltr'><strong>Aeolicae</strong></span> <span class='ocrx_word' id='word_1_35' title='bbox 1169 767 1210 800; x_wconf 80' lang='lat' dir='ltr'><strong>s,</strong></span> <span class='ocrx_word' id='word_1_36' title='bbox 1248 746 1540 818; x_wconf 83' lang='lat' dir='ltr'><strong>digammi,</strong></span> <span class='ocrx_word' id='word_1_37' title='bbox 1603 764 1740 815; x_wconf 87' lang='lat' dir='ltr'><strong>qua,</strong></span> <span class='ocrx_word' id='word_1_38' title='bbox 1796 755 1858 797; x_wconf 88' lang='lat' dir='ltr'><strong>ut</strong></span> <span class='ocrx_word' id='word_1_39' title='bbox 1903 748 2091 817; x_wconf 65' lang='lat' dir='ltr'><strong>poetas</strong></span> 
     </span>
     <span class='ocr_line' id='line_1_7' title="bbox 363 833 2094 897; baseline 0 -12"><span class='ocrx_word' id='word_1_40' title='bbox 363 833 624 888; x_wconf 87' lang='lat' dir='ltr'><strong>Aeolicos</strong></span> <span class='ocrx_word' id='word_1_41' title='bbox 661 856 882 897; x_wconf 81' lang='lat' dir='ltr'><strong>omneS‚</strong></span> <span class='ocrx_word' id='word_1_42' title='bbox 943 835 1022 886; x_wconf 89' lang='lat' dir='ltr'><strong>sic</strong></span> <span class='ocrx_word' id='word_1_43' title='bbox 1069 834 1336 887; x_wconf 82' lang='lat' dir='ltr'><strong>Alcaeum</strong></span> <span class='ocrx_word' id='word_1_44' title='bbox 1378 851 1536 886; x_wconf 88' lang='lat' dir='ltr'><strong>usum</strong></span> <span class='ocrx_word' id='word_1_45' title='bbox 1575 851 1687 884; x_wconf 93' lang='lat' dir='ltr'><strong>esse</strong></span> <span class='ocrx_word' id='word_1_46' title='bbox 1727 851 1917 884; x_wconf 91' lang='lat' dir='ltr'><strong>omnes</strong></span> <span class='ocrx_word' id='word_1_47' title='bbox 1960 851 2094 885; x_wconf 94' lang='lat' dir='ltr'><strong>con-</strong></span> 
     </span>
     <span class='ocr_line' id='line_1_8' title="bbox 363 921 2097 992; baseline 0 -20"><span class='ocrx_word' id='word_1_48' title='bbox 363 921 637 986; x_wconf 82' lang='lat' dir='ltr'><strong>sentiunt,</strong></span> <span class='ocrx_word' id='word_1_49' title='bbox 696 944 767 976; x_wconf 88' lang='lat' dir='ltr'><strong>ne</strong></span> <span class='ocrx_word' id='word_1_50' title='bbox 810 922 1102 992; x_wconf 86' lang='lat' dir='ltr'><strong>vestigium</strong></span> <span class='ocrx_word' id='word_1_51' title='bbox 1139 922 1360 991; x_wconf 90' lang='lat' dir='ltr'><strong>quidem</strong></span> <span class='ocrx_word' id='word_1_52' title='bbox 1395 922 1457 975; x_wconf 90' lang='lat' dir='ltr'><strong>in</strong></span> <span class='ocrx_word' id='word_1_53' title='bbox 1494 930 1692 973; x_wconf 87' lang='lat' dir='ltr'><strong>neutro</strong></span> <span class='ocrx_word' id='word_1_54' title='bbox 1729 938 1896 972; x_wconf 89' lang='lat' dir='ltr'><strong>carm.</strong></span> <span class='ocrx_word' id='word_1_55' title='bbox 1934 938 2097 990; x_wconf 83' lang='lat' dir='ltr'><strong>repe-</strong></span> 
     </span>
     <span class='ocr_line' id='line_1_9' title="bbox 362 1005 2097 1077; baseline -0.001 -17"><span class='ocrx_word' id='word_1_56' title='bbox 362 1007 524 1060; x_wconf 85' lang='lat' dir='ltr'><strong>ritur.</strong></span> <span class='ocrx_word' id='word_1_57' title='bbox 593 1012 802 1061; x_wconf 76' lang='lat' dir='ltr'><strong>Deinde</strong></span> <span class='ocrx_word' id='word_1_58' title='bbox 836 1010 932 1061; x_wconf 83' lang='lat' dir='ltr'><strong>vix</strong></span> <span class='ocrx_word' id='word_1_59' title='bbox 966 1007 1107 1060; x_wconf 90' lang='lat' dir='ltr'><strong>mihi</strong></span> <span class='ocrx_word' id='word_1_60' title='bbox 1142 1008 1365 1077; x_wconf 88' lang='lat' dir='ltr'><strong>quidem</strong></span> <span class='ocrx_word' id='word_1_61' title='bbox 1402 1008 1715 1059; x_wconf 85' lang='lat' dir='ltr'><strong>verosimile</strong></span> <span class='ocrx_word' id='word_1_62' title='bbox 1741 1016 1844 1071; x_wconf 87' lang='lat' dir='ltr'><strong>est,</strong></span> <span class='ocrx_word' id='word_1_63' title='bbox 1882 1005 2097 1071; x_wconf 86' lang='lat' dir='ltr'><strong>Alcaei,</strong></span> 
     </span>
     <span class='ocr_line' id='line_1_10' title="bbox 361 1091 2096 1165; baseline -0.002 -18"><span class='ocrx_word' id='word_1_64' title='bbox 361 1095 421 1147; x_wconf 93' lang='lat' dir='ltr'><strong>in</strong></span> <span class='ocrx_word' id='word_1_65' title='bbox 452 1096 606 1148; x_wconf 90' lang='lat' dir='ltr'><strong>cuius</strong></span> <span class='ocrx_word' id='word_1_66' title='bbox 643 1096 977 1149; x_wconf 87' lang='lat' dir='ltr'><strong>carminibus</strong></span> <span class='ocrx_word' id='word_1_67' title='bbox 1011 1094 1364 1147; x_wconf 86' lang='lat' dir='ltr'><strong>emendandis</strong></span> <span class='ocrx_word' id='word_1_68' title='bbox 1399 1093 1832 1165; x_wconf 83' lang='lat' dir='ltr'><strong>Aristophanem</strong></span> <span class='ocrx_word' id='word_1_69' title='bbox 1869 1103 1922 1146; x_wconf 90' lang='lat' dir='ltr'><strong>et</strong></span> <span class='ocrx_word' id='word_1_70' title='bbox 1955 1091 2096 1146; x_wconf 80' lang='lat' dir='ltr'><strong>Ari-</strong></span> 
     </span>
     <span class='ocr_line' id='line_1_11' title="bbox 361 1174 2097 1252; baseline -0.001 -19"><span class='ocrx_word' id='word_1_71' title='bbox 361 1182 642 1236; x_wconf 80' lang='lat' dir='ltr'><strong>starchum</strong></span> <span class='ocrx_word' id='word_1_72' title='bbox 680 1184 983 1236; x_wconf 87' lang='lat' dir='ltr'><strong>elaborasse</strong></span> <span class='ocrx_word' id='word_1_73' title='bbox 1021 1181 1329 1252; x_wconf 87' lang='lat' dir='ltr'><strong>accepimus</strong></span> <span class='ocrx_word' id='word_1_74' title='bbox 1379 1181 1471 1247; x_wconf 82' lang='lat' dir='ltr'><strong>(v.</strong></span> <span class='ocrx_word' id='word_1_75' title='bbox 1511 1181 1800 1234; x_wconf 87' lang='lat' dir='ltr'><strong>Villoison.</strong></span> <span class='ocrx_word' id='word_1_76' title='bbox 1838 1174 1993 1233; x_wconf 59' lang='lat' dir='ltr'><strong>Prol:</strong></span> <span class='ocrx_word' id='word_1_77' title='bbox 2026 1179 2097 1232; x_wconf 89' lang='lat' dir='ltr'><strong>ad</strong></span> 
     </span>
     <span class='ocr_line' id='line_1_12' title="bbox 360 1268 2098 1341; baseline -0.001 -21"><span class='ocrx_word' id='word_1_78' title='bbox 360 1269 534 1321; x_wconf 86' lang='lat' dir='ltr'><strong>Hom·</strong></span> <span class='ocrx_word' id='word_1_79' title='bbox 571 1290 626 1341; x_wconf 88' lang='lat' dir='ltr'><strong>p.</strong></span> <span class='ocrx_word' id='word_1_80' title='bbox 653 1271 811 1324; x_wconf 85' lang='lat' dir='ltr'><strong>LIX.</strong></span> <span class='ocrx_word' id='word_1_81' title='bbox 872 1270 1054 1322; x_wconf 86' lang='lat' dir='ltr'><strong>Schol.</strong></span> <span class='ocrx_word' id='word_1_82' title='bbox 1088 1268 1378 1341; x_wconf 85' lang='lat' dir='ltr'><strong>Aristoph.</strong></span> <span class='ocrx_word' id='word_1_83' title='bbox 1414 1269 1555 1322; x_wconf 82' lang='lat' dir='ltr'><strong>Plut.</strong></span> <span class='ocrx_word' id='word_1_84' title='bbox 1592 1287 1647 1322; x_wconf 87' lang='lat' dir='ltr'><strong>v.</strong></span> <span class='ocrx_word' id='word_1_85' title='bbox 1675 1270 1794 1322; x_wconf 75' lang='lat'><strong>253.</strong></span> <span class='ocrx_word' id='word_1_86' title='bbox 1833 1277 1886 1320; x_wconf 89' lang='lat' dir='ltr'><strong>et</strong></span> <span class='ocrx_word' id='word_1_87' title='bbox 1918 1268 2098 1319; x_wconf 86' lang='lat' dir='ltr'><strong>Hem-</strong></span> 
     </span>
     <span class='ocr_line' id='line_1_13' title="bbox 362 1355 2100 1427; baseline 0.001 -22"><span class='ocrx_word' id='word_1_88' title='bbox 362 1355 529 1406; x_wconf 86' lang='lat' dir='ltr'><strong>sterh.</strong></span> <span class='ocrx_word' id='word_1_89' title='bbox 570 1357 638 1408; x_wconf 89' lang='lat' dir='ltr'><strong>ad</strong></span> <span class='ocrx_word' id='word_1_90' title='bbox 672 1358 725 1410; x_wconf 90' lang='lat' dir='ltr'><strong>h.</strong></span> <span class='ocrx_word' id='word_1_91' title='bbox 757 1358 820 1422; x_wconf 86' lang='lat' dir='ltr'><strong>l.)</strong></span> <span class='ocrx_word' id='word_1_92' title='bbox 859 1375 1083 1409; x_wconf 87' lang='lat' dir='ltr'><strong>carmen</strong></span> <span class='ocrx_word' id='word_1_93' title='bbox 1122 1356 1342 1427; x_wconf 87' lang='lat' dir='ltr'><strong>aliquod</strong></span> <span class='ocrx_word' id='word_1_94' title='bbox 1378 1356 1445 1409; x_wconf 89' lang='lat' dir='ltr'><strong>ad</strong></span> <span class='ocrx_word' id='word_1_95' title='bbox 1468 1355 1859 1416; x_wconf 88' lang='lat' dir='ltr'><strong>Theocritum,</strong></span> <span class='ocrx_word' id='word_1_96' title='bbox 1897 1373 2100 1424; x_wconf 86' lang='lat' dir='ltr'><strong>aequa-</strong></span> 
     </span>
     <span class='ocr_line' id='line_1_14' title="bbox 363 1440 2100 1514; baseline -0.001 -21"><span class='ocrx_word' id='word_1_97' title='bbox 363 1440 477 1493; x_wconf 87' lang='lat' dir='ltr'><strong>lem</strong></span> <span class='ocrx_word' id='word_1_98' title='bbox 511 1441 630 1494; x_wconf 87' lang='lat' dir='ltr'><strong>fere</strong></span> <span class='ocrx_word' id='word_1_99' title='bbox 665 1445 890 1496; x_wconf 89' lang='lat' dir='ltr'><strong>illorum</strong></span> <span class='ocrx_word' id='word_1_100' title='bbox 927 1445 1412 1514; x_wconf 86' lang='lat' dir='ltr'><strong>grammaticorum</strong></span> <span class='ocrx_word' id='word_1_101' title='bbox 1449 1453 1704 1514; x_wconf 87' lang='lat' dir='ltr'><strong>poetam,</strong></span> <span class='ocrx_word' id='word_1_102' title='bbox 1757 1440 1957 1493; x_wconf 87' lang='lat' dir='ltr'><strong>referri</strong></span> <span class='ocrx_word' id='word_1_103' title='bbox 1992 1460 2100 1513; x_wconf 88' lang='lat' dir='ltr'><strong>po-</strong></span> 
     </span>
     <span class='ocr_line' id='line_1_15' title="bbox 363 1528 2099 1600; baseline 0.001 -21"><span class='ocrx_word' id='word_1_104' title='bbox 363 1528 543 1580; x_wconf 80' lang='lat' dir='ltr'><strong>tuisse.</strong></span> <span class='ocrx_word' id='word_1_105' title='bbox 633 1536 767 1583; x_wconf 75' lang='lat' dir='ltr'><strong>Tum</strong></span> <span class='ocrx_word' id='word_1_106' title='bbox 808 1531 982 1583; x_wconf 87' lang='lat' dir='ltr'><strong>multa</strong></span> <span class='ocrx_word' id='word_1_107' title='bbox 1033 1531 1254 1600; x_wconf 89' lang='lat' dir='ltr'><strong>quidem</strong></span> <span class='ocrx_word' id='word_1_108' title='bbox 1300 1530 1572 1583; x_wconf 86' lang='lat' dir='ltr'><strong>seriorum</strong></span> <span class='ocrx_word' id='word_1_109' title='bbox 1621 1541 1674 1581; x_wconf 88' lang='lat' dir='ltr'><strong>et</strong></span> <span class='ocrx_word' id='word_1_110' title='bbox 1710 1538 1996 1600; x_wconf 85' lang='lat' dir='ltr'><strong>poetarum</strong></span> <span class='ocrx_word' id='word_1_111' title='bbox 2044 1537 2099 1580; x_wconf 86' lang='lat' dir='ltr'><strong>et</strong></span> 
     </span>
     <span class='ocr_line' id='line_1_16' title="bbox 363 1613 2100 1688; baseline 0.001 -23"><span class='ocrx_word' id='word_1_112' title='bbox 363 1613 604 1668; x_wconf 81' lang='lat' dir='ltr'><strong>aliorum</strong></span> <span class='ocrx_word' id='word_1_113' title='bbox 659 1617 994 1688; x_wconf 86' lang='lat' dir='ltr'><strong>scriptorum</strong></span> <span class='ocrx_word' id='word_1_114' title='bbox 1057 1636 1225 1688; x_wconf 86' lang='lat' dir='ltr'><strong>opera</strong></span> <span class='ocrx_word' id='word_1_115' title='bbox 1281 1615 1673 1685; x_wconf 83' lang='lat' dir='ltr'><strong>antiquioribus</strong></span> <span class='ocrx_word' id='word_1_116' title='bbox 1724 1613 1930 1665; x_wconf 84' lang='lat' dir='ltr'><strong>tributa</strong></span> <span class='ocrx_word' id='word_1_117' title='bbox 1985 1632 2100 1666; x_wconf 88' lang='lat' dir='ltr'><strong>esse</strong></span> 
     </span>
     <span class='ocr_line' id='line_1_17' title="bbox 366 1701 2100 1773; baseline 0.002 -22"><span class='ocrx_word' id='word_1_118' title='bbox 366 1709 599 1767; x_wconf 84' lang='lat' dir='ltr'><strong>constat,</strong></span> <span class='ocrx_word' id='word_1_119' title='bbox 654 1704 978 1773; x_wconf 85' lang='lat' dir='ltr'><strong>antiquioris</strong></span> <span class='ocrx_word' id='word_1_120' title='bbox 1016 1705 1105 1756; x_wconf 85' lang='lat' dir='ltr'><strong>vel</strong></span> <span class='ocrx_word' id='word_1_121' title='bbox 1140 1701 1509 1772; x_wconf 81' lang='lat' dir='ltr'><strong>antiquissimi</strong></span> <span class='ocrx_word' id='word_1_122' title='bbox 1545 1701 1679 1753; x_wconf 87' lang='lat' dir='ltr'><strong>adeo</strong></span> <span class='ocrx_word' id='word_1_123' title='bbox 1718 1701 1974 1753; x_wconf 85' lang='lat' dir='ltr'><strong>carminis</strong></span> <span class='ocrx_word' id='word_1_124' title='bbox 2010 1721 2100 1754; x_wconf 89' lang='lat' dir='ltr'><strong>se-</strong></span> 
     </span>
     <span class='ocr_line' id='line_1_18' title="bbox 361 1787 2099 1860; baseline 0.002 -21"><span class='ocrx_word' id='word_1_125' title='bbox 361 1787 505 1840; x_wconf 82' lang='lat' dir='ltr'><strong>riori</strong></span> <span class='ocrx_word' id='word_1_126' title='bbox 542 1799 734 1860; x_wconf 85' lang='lat' dir='ltr'><strong>poetae</strong></span> <span class='ocrx_word' id='word_1_127' title='bbox 781 1791 1034 1860; x_wconf 87' lang='lat' dir='ltr'><strong>assignati</strong></span> <span class='ocrx_word' id='word_1_128' title='bbox 1079 1811 1149 1844; x_wconf 91' lang='lat' dir='ltr'><strong>ne</strong></span> <span class='ocrx_word' id='word_1_129' title='bbox 1193 1809 1368 1842; x_wconf 90' lang='lat' dir='ltr'><strong>unum</strong></span> <span class='ocrx_word' id='word_1_130' title='bbox 1414 1787 1636 1858; x_wconf 91' lang='lat' dir='ltr'><strong>quidem</strong></span> <span class='ocrx_word' id='word_1_131' title='bbox 1674 1789 1991 1859; x_wconf 83' lang='lat' dir='ltr'><strong>exemplum</strong></span> <span class='ocrx_word' id='word_1_132' title='bbox 2029 1809 2099 1842; x_wconf 81' lang='lat' dir='ltr'><strong>ex</strong></span> 
     </span>
     <span class='ocr_line' id='line_1_19' title="bbox 361 1873 2099 1945; baseline -0.002 -19"><span class='ocrx_word' id='word_1_133' title='bbox 361 1883 477 1926; x_wconf 85' lang='lat' dir='ltr'><strong>tota</strong></span> <span class='ocrx_word' id='word_1_134' title='bbox 518 1877 834 1945; x_wconf 74' lang='lat' dir='ltr'><strong>antiquitate</strong></span> <span class='ocrx_word' id='word_1_135' title='bbox 881 1876 1083 1927; x_wconf 74' lang='lat' dir='ltr'><strong>afferre</strong></span> <span class='ocrx_word' id='word_1_136' title='bbox 1129 1873 1413 1942; x_wconf 86' lang='lat' dir='ltr'><strong>quisquam</strong></span> <span class='ocrx_word' id='word_1_137' title='bbox 1450 1873 1633 1944; x_wconf 84' lang='lat' dir='ltr'><strong>possit.</strong></span> <span class='ocrx_word' id='word_1_138' title='bbox 1718 1874 1972 1944; x_wconf 90' lang='lat' dir='ltr'><strong>Denique</strong></span> <span class='ocrx_word' id='word_1_139' title='bbox 2009 1875 2099 1928; x_wconf 74' lang='grc' dir='ltr'><em>λε’..</em></span> 
     </span>
     <span class='ocr_line' id='line_1_20' title="bbox 360 1960 2098 2033; baseline 0.002 -21"><span class='ocrx_word' id='word_1_140' title='bbox 360 1981 501 2030; x_wconf 70' lang='grc' dir='ltr'><strong>γεται</strong></span> <span class='ocrx_word' id='word_1_141' title='bbox 535 1962 672 2014; x_wconf 88' lang='lat' dir='ltr'><strong>illud</strong></span> <span class='ocrx_word' id='word_1_142' title='bbox 711 1963 769 2014; x_wconf 89' lang='lat' dir='ltr'><strong>in</strong></span> <span class='ocrx_word' id='word_1_143' title='bbox 807 1961 1140 2014; x_wconf 89' lang='lat' dir='ltr'><strong>Theocriteo</strong></span> <span class='ocrx_word' id='word_1_144' title='bbox 1177 1960 1420 2010; x_wconf 85' lang='lat' dir='ltr'><strong>carmine</strong></span> <span class='ocrx_word' id='word_1_145' title='bbox 1454 1960 1689 2022; x_wconf 87' lang='lat' dir='ltr'><strong>indicat,</strong></span> <span class='ocrx_word' id='word_1_146' title='bbox 1736 1963 2098 2033; x_wconf 85' lang='lat' dir='ltr'><strong>proverbium</strong></span> 
     </span>
     <span class='ocr_line' id='line_1_21' title="bbox 361 2047 2094 2117; baseline 0.002 -17"><span class='ocrx_word' id='word_1_147' title='bbox 361 2050 667 2102; x_wconf 87' lang='lat' dir='ltr'><strong>memorari</strong></span> <span class='ocrx_word' id='word_1_148' title='bbox 715 2050 830 2101; x_wconf 90' lang='lat' dir='ltr'><strong>iam</strong></span> <span class='ocrx_word' id='word_1_149' title='bbox 876 2067 978 2100; x_wconf 90' lang='lat' dir='ltr'><strong>usu</strong></span> <span class='ocrx_word' id='word_1_150' title='bbox 1027 2048 1287 2100; x_wconf 87' lang='lat' dir='ltr'><strong>diuturno</strong></span> <span class='ocrx_word' id='word_1_151' title='bbox 1331 2047 1554 2109; x_wconf 83' lang='lat' dir='ltr'><strong>tritu1n3</strong></span> <span class='ocrx_word' id='word_1_152' title='bbox 1618 2049 1913 2117; x_wconf 85' lang='lat' dir='ltr'><strong>proverbia</strong></span> <span class='ocrx_word' id='word_1_153' title='bbox 1960 2069 2094 2103; x_wconf 87' lang='lat' dir='ltr'><strong>vero</strong></span> 
     </span>
     <span class='ocr_line' id='line_1_22' title="bbox 361 2133 2099 2207; baseline 0.001 -19"><span class='ocrx_word' id='word_1_154' title='bbox 361 2155 433 2189; x_wconf 81' lang='lat' dir='ltr'><strong>ex</strong></span> <span class='ocrx_word' id='word_1_155' title='bbox 467 2137 819 2205; x_wconf 87' lang='lat' dir='ltr'><strong>antiquorum</strong></span> <span class='ocrx_word' id='word_1_156' title='bbox 861 2144 1151 2207; x_wconf 84' lang='lat' dir='ltr'><strong>poetarum</strong></span> <span class='ocrx_word' id='word_1_157' title='bbox 1188 2133 1342 2185; x_wconf 90' lang='lat' dir='ltr'><strong>dictis</strong></span> <span class='ocrx_word' id='word_1_158' title='bbox 1383 2133 1519 2185; x_wconf 84' lang='lat' dir='ltr'><strong>oriri</strong></span> <span class='ocrx_word' id='word_1_159' title='bbox 1556 2134 1833 2199; x_wconf 87' lang='lat' dir='ltr'><strong>solebant,</strong></span> <span class='ocrx_word' id='word_1_160' title='bbox 1895 2145 1956 2188; x_wconf 86' lang='lat' dir='ltr'><strong>ut</strong></span> <span class='ocrx_word' id='word_1_161' title='bbox 1993 2158 2099 2190; x_wconf 83' lang='grc' dir='ltr'><strong>πα-</strong></span> 
     </span>
     <span class='ocr_line' id='line_1_23' title="bbox 359 2219 2097 2293; baseline 0.001 -17"><span class='ocrx_word' id='word_1_162' title='bbox 359 2221 475 2276; x_wconf 76' lang='grc' dir='ltr'><strong>θών</strong></span> <span class='ocrx_word' id='word_1_163' title='bbox 511 2224 568 2276; x_wconf 83' lang='grc' dir='ltr'><strong>δέ</strong></span> <span class='ocrx_word' id='word_1_164' title='bbox 603 2243 657 2276; x_wconf 86' lang='grc' dir='ltr'><strong>τε</strong></span> <span class='ocrx_word' id='word_1_165' title='bbox 693 2220 872 2288; x_wconf 74' lang='grc' dir='ltr'><strong><em>νήπιος</em></strong></span> <span class='ocrx_word' id='word_1_166' title='bbox 920 2224 1041 2291; x_wconf 78' lang='grc' dir='ltr'><em>ἔγνω</em></span> <span class='ocrx_word' id='word_1_167' title='bbox 1093 2240 1162 2273; x_wconf 82' lang='lat' dir='ltr'><strong>ex</strong></span> <span class='ocrx_word' id='word_1_168' title='bbox 1198 2220 1482 2283; x_wconf 85' lang='lat' dir='ltr'><strong>Homero,</strong></span> <span class='ocrx_word' id='word_1_169' title='bbox 1543 2219 1703 2274; x_wconf 78' lang='grc' dir='ltr'><strong><em>πλέον</em></strong></span> <span class='ocrx_word' id='word_1_170' title='bbox 1737 2221 1794 2276; x_wconf 82' lang='grc' dir='ltr'><strong>δέ</strong></span> <span class='ocrx_word' id='word_1_171' title='bbox 1828 2243 1907 2276; x_wconf 77' lang='grc' dir='ltr'><strong>τοι</strong></span> <span class='ocrx_word' id='word_1_172' title='bbox 1941 2220 2097 2293; x_wconf 77' lang='grc' dir='ltr'>ἥμισυ</span> 
     </span>
     <span class='ocr_line' id='line_1_24' title="bbox 358 2303 2096 2378; baseline 0.001 -16"><span class='ocrx_word' id='word_1_173' title='bbox 358 2304 579 2372; x_wconf 78' lang='grc' dir='ltr'><strong><em>παντός,</em></strong></span> <span class='ocrx_word' id='word_1_174' title='bbox 614 2328 685 2362; x_wconf 81' lang='lat' dir='ltr'><strong>ex</strong></span> <span class='ocrx_word' id='word_1_175' title='bbox 715 2311 991 2371; x_wconf 87' lang='lat' dir='ltr'><strong>Hesiodo,</strong></span> <span class='ocrx_word' id='word_1_176' title='bbox 1031 2303 1275 2368; x_wconf 73' lang='grc' dir='ltr'><strong><em>δάκτυλος</em></strong></span> <span class='ocrx_word' id='word_1_177' title='bbox 1310 2304 1493 2377; x_wconf 74' lang='grc' dir='ltr'><em>ἁμέρα,</em></span> <span class='ocrx_word' id='word_1_178' title='bbox 1529 2307 1611 2367; x_wconf 82' lang='grc' dir='ltr'><strong>αἲξ</strong></span> <span class='ocrx_word' id='word_1_179' title='bbox 1649 2309 1843 2378; x_wconf 83' lang='grc' dir='ltr'><strong><em>Σκυρία</em></strong></span> <span class='ocrx_word' id='word_1_180' title='bbox 1879 2329 1948 2363; x_wconf 82' lang='lat' dir='ltr'><strong>ex</strong></span> <span class='ocrx_word' id='word_1_181' title='bbox 1984 2311 2096 2364; x_wconf 90' lang='lat' dir='ltr'><strong>Al-</strong></span> 
     </span>
     <span class='ocr_line' id='line_1_25' title="bbox 361 2394 2096 2468; baseline -0.001 -18"><span class='ocrx_word' id='word_1_182' title='bbox 361 2415 519 2459; x_wconf 86' lang='lat' dir='ltr'><strong>cae0,</strong></span> <span class='ocrx_word' id='word_1_183' title='bbox 572 2415 686 2450; x_wconf 88' lang='lat' dir='ltr'><strong>non</strong></span> <span class='ocrx_word' id='word_1_184' title='bbox 725 2406 916 2468; x_wconf 89' lang='lat' dir='ltr'><strong>poetae</strong></span> <span class='ocrx_word' id='word_1_185' title='bbox 961 2394 1170 2463; x_wconf 88' lang='lat' dir='ltr'><strong>antiqui</strong></span> <span class='ocrx_word' id='word_1_186' title='bbox 1215 2394 1285 2444; x_wconf 88' lang='lat' dir='ltr'><strong>ad</strong></span> <span class='ocrx_word' id='word_1_187' title='bbox 1322 2394 1615 2464; x_wconf 85' lang='lat' dir='ltr'><strong>proverbia</strong></span> <span class='ocrx_word' id='word_1_188' title='bbox 1649 2414 1953 2466; x_wconf 80' lang='lat' dir='ltr'><strong>provocare</strong></span> <span class='ocrx_word' id='word_1_189' title='bbox 1997 2397 2096 2466; x_wconf 79' lang='lat'><strong>¹9).</strong></span> 
     </span>
     <span class='ocr_line' id='line_1_26' title="bbox 359 2480 2097 2552; baseline 0.001 -17"><span class='ocrx_word' id='word_1_190' title='bbox 359 2484 553 2552; x_wconf 88' lang='lat' dir='ltr'><strong>Itaque</strong></span> <span class='ocrx_word' id='word_1_191' title='bbox 590 2483 642 2534; x_wconf 90' lang='lat' dir='ltr'>T</span> <span class='ocrx_word' id='word_1_192' title='bbox 647 2482 902 2535; x_wconf 86' lang='lat' dir='ltr'><strong>hierschii</strong></span> <span class='ocrx_word' id='word_1_193' title='bbox 938 2489 1257 2551; x_wconf 86' lang='lat' dir='ltr'><strong>argumenta</strong></span> <span class='ocrx_word' id='word_1_194' title='bbox 1293 2480 1605 2534; x_wconf 86' lang='lat' dir='ltr'><strong>infirmiora</strong></span> <span class='ocrx_word' id='word_1_195' title='bbox 1639 2491 1795 2546; x_wconf 89' lang='lat' dir='ltr'><strong>sunt,</strong></span> <span class='ocrx_word' id='word_1_196' title='bbox 1837 2501 2001 2552; x_wconf 90' lang='lat' dir='ltr'><strong>quam</strong></span> <span class='ocrx_word' id='word_1_197' title='bbox 2038 2494 2097 2537; x_wconf 91' lang='lat' dir='ltr'><strong>ut</strong></span> 
     </span>
     <span class='ocr_line' id='line_1_27' title="bbox 359 2569 2095 2641; baseline 0.001 -18"><span class='ocrx_word' id='word_1_198' title='bbox 359 2572 427 2624; x_wconf 87' lang='lat' dir='ltr'><strong>iis</strong></span> <span class='ocrx_word' id='word_1_199' title='bbox 465 2570 763 2640; x_wconf 87' lang='lat' dir='ltr'><strong>quidquam</strong></span> <span class='ocrx_word' id='word_1_200' title='bbox 796 2569 1132 2632; x_wconf 80' lang='lat' dir='ltr'><strong>tribuamus3</strong></span> <span class='ocrx_word' id='word_1_201' title='bbox 1178 2586 1314 2637; x_wconf 90' lang='lat' dir='ltr'><strong>quae</strong></span> <span class='ocrx_word' id='word_1_202' title='bbox 1351 2587 1484 2622; x_wconf 85' lang='lat' dir='ltr'><strong>vero</strong></span> <span class='ocrx_word' id='word_1_203' title='bbox 1520 2569 1732 2639; x_wconf 87' lang='lat' dir='ltr'><strong>singula</strong></span> <span class='ocrx_word' id='word_1_204' title='bbox 1765 2589 1868 2641; x_wconf 85' lang='lat' dir='ltr'><strong>per</strong></span> <span class='ocrx_word' id='word_1_205' title='bbox 1897 2590 1956 2623; x_wconf 91' lang='lat' dir='ltr'><strong>se</strong></span> <span class='ocrx_word' id='word_1_206' title='bbox 1980 2573 2095 2625; x_wconf 87' lang='lat' dir='ltr'><strong>vim</strong></span> 
     </span>
     <span class='ocr_line' id='line_1_28' title="bbox 359 2656 2099 2728; baseline -0.001 -17"><span class='ocrx_word' id='word_1_207' title='bbox 359 2659 574 2712; x_wconf 85' lang='lat' dir='ltr'><strong>nullam</strong></span> <span class='ocrx_word' id='word_1_208' title='bbox 613 2658 844 2722; x_wconf 87' lang='lat' dir='ltr'><strong>habent,</strong></span> <span class='ocrx_word' id='word_1_209' title='bbox 887 2677 949 2710; x_wconf 90' lang='lat' dir='ltr'><strong>ea</strong></span> <span class='ocrx_word' id='word_1_210' title='bbox 975 2656 1071 2709; x_wconf 82' lang='lat' dir='ltr'><strong>vix</strong></span> <span class='ocrx_word' id='word_1_211' title='bbox 1100 2656 1355 2707; x_wconf 81' lang='lat' dir='ltr'><strong>universa</strong></span> <span class='ocrx_word' id='word_1_212' title='bbox 1395 2666 1446 2708; x_wconf 91' lang='lat' dir='ltr'><strong>et</strong></span> <span class='ocrx_word' id='word_1_213' title='bbox 1485 2657 1774 2709; x_wconf 88' lang='lat' dir='ltr'><strong>coniuncta</strong></span> <span class='ocrx_word' id='word_1_214' title='bbox 1809 2657 2099 2728; x_wconf 89' lang='lat' dir='ltr'><strong>quidquam</strong></span> 
     </span>
     <span class='ocr_line' id='line_1_29' title="bbox 360 2742 2099 2818; baseline -0.001 -19"><span class='ocrx_word' id='word_1_215' title='bbox 360 2747 549 2799; x_wconf 86' lang='lat' dir='ltr'><strong>valere</strong></span> <span class='ocrx_word' id='word_1_216' title='bbox 586 2755 824 2818; x_wconf 88' lang='lat' dir='ltr'><strong>possunt.</strong></span> <span class='ocrx_word' id='word_1_217' title='bbox 911 2744 1063 2813; x_wconf 85' lang='lat' dir='ltr'><strong>Quid</strong></span> <span class='ocrx_word' id='word_1_218' title='bbox 1111 2742 1280 2808; x_wconf 78' lang='lat' dir='ltr'><strong>igitur</strong></span> <span class='ocrx_word' id='word_1_219' title='bbox 1333 2744 1446 2796; x_wconf 81' lang='lat' dir='ltr'><strong>est?</strong></span> <span class='ocrx_word' id='word_1_220' title='bbox 1506 2743 1703 2797; x_wconf 88' lang='lat' dir='ltr'><strong>Alcaei</strong></span> <span class='ocrx_word' id='word_1_221' title='bbox 1751 2762 1938 2796; x_wconf 86' lang='lat' dir='ltr'><strong>versus</strong></span> <span class='ocrx_word' id='word_1_222' title='bbox 1985 2763 2099 2797; x_wconf 88' lang='lat' dir='ltr'><strong>esse</strong></span> 
     </span>
     <span class='ocr_line' id='line_1_30' title="bbox 359 2825 2093 2900; baseline 0.001 -19"><span class='ocrx_word' id='word_1_223' title='bbox 359 2832 579 2886; x_wconf 80' lang='lat' dir='ltr'><strong>videtur</strong></span> <span class='ocrx_word' id='word_1_224' title='bbox 629 2832 788 2897; x_wconf 74' lang='grc' dir='ltr'><strong><em>οἶνος,</em></strong></span> <span class='ocrx_word' id='word_1_225' title='bbox 835 2826 877 2884; x_wconf 80' lang='grc' dir='ltr'><em>ὦ</em></span> <span class='ocrx_word' id='word_1_226' title='bbox 909 2829 1023 2899; x_wconf 82' lang='grc' dir='ltr'><em>φίλε</em></span> <span class='ocrx_word' id='word_1_227' title='bbox 1059 2835 1189 2894; x_wconf 84' lang='grc' dir='ltr'><strong><em>παῖ,</em></strong></span> <span class='ocrx_word' id='word_1_228' title='bbox 1235 2830 1318 2883; x_wconf 78' lang='grc' dir='ltr'><strong>καὶ</strong></span> <span class='ocrx_word' id='word_1_229' title='bbox 1351 2825 1581 2895; x_wconf 58' lang='lat' dir='ltr'><strong>‹zi-desa,</strong></span> <span class='ocrx_word' id='word_1_230' title='bbox 1629 2831 1673 2884; x_wconf 90' lang='lat' dir='ltr'><strong>is</strong></span> <span class='ocrx_word' id='word_1_231' title='bbox 1709 2850 1874 2896; x_wconf 78' lang='lat' dir='ltr'><strong>vere,</strong></span> <span class='ocrx_word' id='word_1_232' title='bbox 1924 2848 2093 2900; x_wconf 90' lang='lat' dir='ltr'><strong>quum</strong></span> 
     </span>
    </p>
   </div>
   <div class='ocr_carea' id='block_1_3' title="bbox 416 3070 2094 3422">
    <p class='ocr_par' dir='ltr' id='par_1_3' title="bbox 416 3070 2094 3422">
     <span class='ocr_line' id='line_1_31' title="bbox 416 3070 2094 3133; baseline -0.002 -14"><span class='ocrx_word' id='word_1_233' title='bbox 416 3078 492 3133; x_wconf 81' lang='lat'><strong>19)</strong></span> <span class='ocrx_word' id='word_1_234' title='bbox 535 3073 693 3120; x_wconf 82' lang='lat' dir='ltr'><strong>Schol.</strong></span> <span class='ocrx_word' id='word_1_235' title='bbox 722 3076 914 3121; x_wconf 82' lang='lat' dir='ltr'><strong>Aristid.</strong></span> <span class='ocrx_word' id='word_1_236' title='bbox 959 3079 1016 3123; x_wconf 88' lang='lat' dir='ltr'><strong>T.</strong></span> <span class='ocrx_word' id='word_1_237' title='bbox 1047 3079 1115 3122; x_wconf 90' lang='lat'><strong>11.</strong></span> <span class='ocrx_word' id='word_1_238' title='bbox 1154 3090 1202 3132; x_wconf 83' lang='lat' dir='ltr'><strong>p.</strong></span> <span class='ocrx_word' id='word_1_239' title='bbox 1235 3076 1333 3118; x_wconf 84' lang='lat'><strong>205.</strong></span> <span class='ocrx_word' id='word_1_240' title='bbox 1378 3075 1433 3119; x_wconf 85' lang='lat' dir='ltr'><strong>de</strong></span> <span class='ocrx_word' id='word_1_241' title='bbox 1472 3075 1718 3133; x_wconf 78' lang='lat' dir='ltr'><strong>proverbio</strong></span> <span class='ocrx_word' id='word_1_242' title='bbox 1759 3071 1930 3117; x_wconf 75' lang='grc' dir='ltr'><strong><em>παθὼν</em></strong></span> <span class='ocrx_word' id='word_1_243' title='bbox 1967 3070 2015 3116; x_wconf 78' lang='grc' dir='ltr'><strong>δέ</strong></span> <span class='ocrx_word' id='word_1_244' title='bbox 2045 3090 2094 3117; x_wconf 80' lang='grc' dir='ltr'><strong>τε</strong></span> 
     </span>
     <span class='ocr_line' id='line_1_32' title="bbox 471 3143 2093 3207; baseline -0.003 -14"><span class='ocrx_word' id='word_1_245' title='bbox 471 3143 636 3204; x_wconf 72' lang='grc' dir='ltr'><strong><em>νήπιος</em></strong></span> <span class='ocrx_word' id='word_1_246' title='bbox 678 3147 814 3204; x_wconf 71' lang='grc' dir='ltr'><em>ἔγνω·</em></span> <span class='ocrx_word' id='word_1_247' title='bbox 875 3146 1069 3206; x_wconf 79' lang='grc' dir='ltr'><em>Ὁμήρου</em></span> <span class='ocrx_word' id='word_1_248' title='bbox 1113 3147 1200 3207; x_wconf 75' lang='grc' dir='ltr'><strong>γὰρ</strong></span> <span class='ocrx_word' id='word_1_249' title='bbox 1245 3144 1450 3193; x_wconf 75' lang='grc' dir='ltr'><strong>εἰπόντος</strong></span> <span class='ocrx_word' id='word_1_250' title='bbox 1496 3146 1581 3203; x_wconf 76' lang='grc' dir='ltr'><strong>τὴν</strong></span> <span class='ocrx_word' id='word_1_251' title='bbox 1620 3143 1765 3202; x_wconf 61' lang='grc' dir='ltr'><em>ἀρχὴν</em></span> <span class='ocrx_word' id='word_1_252' title='bbox 1805 3143 1990 3201; x_wconf 76' lang='grc' dir='ltr'><strong><em>ὕστερον</em></strong></span> <span class='ocrx_word' id='word_1_253' title='bbox 2032 3143 2093 3189; x_wconf 77' lang='grc' dir='ltr'><strong>εἷς</strong></span> 
     </span>
     <span class='ocr_line' id='line_1_33' title="bbox 474 3214 2090 3278; baseline -0.001 -15"><span class='ocrx_word' id='word_1_254' title='bbox 474 3224 728 3276; x_wconf 80' lang='grc' dir='ltr'><strong><em>παροιμίαν</em></strong></span> <span class='ocrx_word' id='word_1_255' title='bbox 759 3217 972 3276; x_wconf 67' lang='grc' dir='ltr'><strong>ἐλήφθη,</strong></span> <span class='ocrx_word' id='word_1_256' title='bbox 1012 3219 1162 3278; x_wconf 78' lang='grc' dir='ltr'><em>ὥσπερ</em></span> <span class='ocrx_word' id='word_1_257' title='bbox 1195 3225 1270 3264; x_wconf 82' lang='grc' dir='ltr'><strong>καὶ</strong></span> <span class='ocrx_word' id='word_1_258' title='bbox 1301 3219 1353 3263; x_wconf 77' lang='grc' dir='ltr'><strong>τὸ</strong></span> <span class='ocrx_word' id='word_1_259' title='bbox 1387 3218 1518 3276; x_wconf 67' lang='grc' dir='ltr'><strong><em>φίλου</em></strong></span> <span class='ocrx_word' id='word_1_260' title='bbox 1550 3216 1698 3263; x_wconf 69' lang='grc' dir='ltr'><strong><em>κακῶς</em></strong></span> <span class='ocrx_word' id='word_1_261' title='bbox 1723 3214 1980 3273; x_wconf 71' lang='grc' dir='ltr'><em>πράξαντος</em></span> <span class='ocrx_word' id='word_1_262' title='bbox 2009 3216 2090 3262; x_wconf 75' lang='grc' dir='ltr'><strong>ἐκ-</strong></span> 
     </span>
     <span class='ocr_line' id='line_1_34' title="bbox 475 3289 2089 3352; baseline -0.002 -16"><span class='ocrx_word' id='word_1_263' title='bbox 475 3291 627 3338; x_wconf 72' lang='grc' dir='ltr'><strong><em>ποδὼν</em></strong></span> <span class='ocrx_word' id='word_1_264' title='bbox 657 3290 811 3351; x_wconf 72' lang='grc' dir='ltr'><strong><em>φίλοι,</em></strong></span> <span class='ocrx_word' id='word_1_265' title='bbox 862 3293 1141 3352; x_wconf 67' lang='grc' dir='ltr'><strong><em>Σοφοκλέους</em></strong></span> <span class='ocrx_word' id='word_1_266' title='bbox 1171 3291 1246 3350; x_wconf 72' lang='grc' dir='ltr'><strong>ὃν,</strong></span> <span class='ocrx_word' id='word_1_267' title='bbox 1292 3289 1598 3349; x_wconf 71' lang='grc' dir='ltr'><strong><em>παροιμιῶδες</em></strong></span> <span class='ocrx_word' id='word_1_268' title='bbox 1625 3293 1807 3349; x_wconf 73' lang='grc' dir='ltr'><strong>γέγονε,</strong></span> <span class='ocrx_word' id='word_1_269' title='bbox 1855 3296 1930 3337; x_wconf 71' lang='grc' dir='ltr'><strong>καὶ</strong></span> <span class='ocrx_word' id='word_1_270' title='bbox 1959 3289 2089 3347; x_wconf 72' lang='grc' dir='ltr'><strong><em>ἕτερα</em></strong></span> 
     </span>
     <span class='ocr_line' id='line_1_35' title="bbox 474 3381 628 3422; baseline 0.013 -16"><span class='ocrx_word' id='word_1_271' title='bbox 474 3381 628 3422; x_wconf 62' lang='lat' dir='ltr'><strong>proca.</strong></span> 
     </span>
    </p>
   </div>
  </div>
 </body>
</html>
