2293 3650
1197 240 1281 304 32

359 413 554 469 relicto
593 402 818 476 ἆμπέλῳ.
854 400 1005 457 idem
1040 395 1336 454 infeliciter
1369 396 1528 467 μηδέν
1560 397 1613 470 y’
1641 396 1767 455 ἄλλο
1803 411 1860 470 φ.
1942 400 2097 456 Male

361 501 522 554 etiam
566 491 870 562 Schweigh.
918 489 1121 560 μηθέν,
1190 485 1340 557 quoti
1379 495 1459 540 est
1505 486 1733 542 serioris
1775 488 2098 561 graecitatis,
2144 491 2148 493 ’

359 588 473 643 vid.
513 583 719 637 Thom.
767 579 846 633 M.
894 579 979 649 67.
1031 576 1146 634 155.
1220 573 1526 645 Phrynich.
1574 594 1630 647 p.
1680 576 1764 643 76.
1854 581 2095 641 Nullam,

364 681 540 736 Vare,
584 689 750 721 sacra
783 675 890 722 vite
919 672 1080 736 prius
1114 669 1308 717 severis
1346 665 1601 714 arborem.
1673 656 1819 717 Hor.
1855 667 1900 728 I,
1941 665 2022 719 18.

498 846 732 903 XXXI.
781 842 990 898 Athen.
1026 840 1100 894 ib.
1158 844 1266 903 πῶς
1303 831 1393 892 οὖν
1431 835 1636 907 ἔμελλεν
1671 834 1697 889 ὅ
1736 837 1824 891 ἐπὶ
1859 841 2102 892 τοσοῦτον

359 933 643 1008 φιλοπότης
690 929 936 1002 νηφάλιος
972 928 1129 994 εἶναι,
1189 931 1273 982 καὶ
1310 927 1440 980 καθ’
1485 931 1571 980 ἕνα
1616 927 1701 979 καὶ
1744 921 1836 979 δύο
1874 922 2100 987 κυάθους

357 1032 550 1090 nivem,-
595 1017 718 1075 αὐτὸ
759 1022 879 1088 γοῦν
915 1013 971 1068 τὸ
1008 1014 1340 1084 ποιημάτιον,
1386 1015 1512 1083 φησὶ
1547 1014 1822 1078 Σέλευκος,
1866 1012 2103 1082 ἀντιμαρ-

359 1120 499 1186 τυρεῖ
535 1117 643 1172 τοῖς
679 1103 837 1168 οὕτως
876 1104 1230 1174 ἐκδεχομένοις.
1272 1102 1398 1172 φησὶ
1431 1101 1549 1173 γάρ·

502 1203 750 1264 πίνωμεν·
787 1198 837 1247 τί
871 1190 933 1245 τὰ
968 1187 1115 1261 λύχν’
1146 1191 1458 1259 ἀμμένομεν,·
1494 1188 1737 1249 δάκτυλος
1771 1185 1929 1257 ἁμέρα
1944 1206 1961 1242 ·.

501 1284 644 1340 κὰδδ’
678 1280 810 1352 ἄειρε
845 1280 1094 1351 κυλίχναις
1129 1276 1362 1349 μεγάλαις
1398 1282 1453 1330 αῖ
1489 1275 1550 1330 τὰ
1587 1275 1854 1337 ποικίλαις.

503 1376 639 1428 οἶνον
675 1370 765 1441 γὰρ
793 1367 1019 1438 Σεμέλας
1056 1367 1142 1420 καὶ
1179 1363 1301 1429 Διὸς
1339 1364 1449 1428 υἱὸς
1478 1363 1768 1418 λαθικαδέα

500 1459 850 1530 ἀνθρώποισιν
887 1453 1063 1508 ἔδωκ’.
1101 1455 1234 1524 ἔγχεε
1267 1442 1456 1522 κίρναις
1490 1457 1577 1506 ἕνα
1613 1452 1697 1504 καὶ
1732 1447 1826 1504 δύο

501 1547 728 1613 πλείαις,
779 1543 873 1599 κᾶκ
907 1539 1126 1612 κεφαλᾶς
1159 1540 1208 1594 δ’
1241 1536 1275 1592 ἆ
1310 1541 1455 1611 ἑτέρα
1493 1537 1583 1592 τὰν
1619 1539 1792 1609 ἑτέραν
1828 1535 1972 1601 κύλιξ

501 1637 708 1690 ὧθείτω

358 1732 445 1782 ἕνα
495 1722 622 1795 πρὸς
670 1716 765 1775 δύο
828 1716 992 1787 ῥητῶς
1034 1709 1262 1785 κιρνάναι
1307 1707 1539 1766 κελεύων.
1639 1710 1833 1766 Ursin.
1881 1732 1935 1786 p.
1985 1730 2103 1772 101.

357 1815 477 1871 Iani
525 1834 579 1887 p.
622 1811 703 1865 16.
782 1803 987 1860 Blomf.
1026 1824 1111 1856 nr.
1147 1801 1288 1855 XX.
1364 1799 1622 1868 Quatuor
1659 1800 1871 1871 primos
1908 1820 2102 1855 versus

360 1905 524 1959 affert
559 1899 725 1953 etiam
760 1893 967 1948 Athen.
993 1888 1098 1943 XI.
1125 1909 1180 1962 p.
1198 1886 1408 1941 481.A.
1450 1887 1599 1939 unde
1632 1885 1911 1954 ὀμμένομεν
1947 1908 2103 1940 sum-

358 2003 548 2066 ptum,
602 2002 774 2056 quum
825 1981 861 2033 l.
911 1979 987 2032 X.
1040 1986 1177 2029 esset
1225 1979 1513 2044 σβέννυμεν.
1587 1972 1649 2026 τὰ
1706 1971 1846 2046 λύχν’
1905 1986 1985 2029 est
2033 1993 2102 2028 ex

361 2076 747 2133 emendatione
790 2067 1027 2122 Porsoni
1078 2064 1145 2116 ad
1197 2061 1391 2133 Eurip.
1434 2061 1588 2114 Med.
1636 2061 1759 2133 494.
1846 2063 2102 2133 Utroque

358 2169 482 2221 loco
527 2159 815 2231 legebatur
861 2159 910 2207 τί
947 2150 1035 2206 τὸν
1071 2147 1250 2220 λύχνον
1287 2148 1335 2201 ἆ.
1419 2151 1551 2204 Iani.
1587 2153 1637 2203 τί
1671 2146 1858 2220 λύχνως
1890 2150 1938 2202 ἆ.
2017 2153 2104 2204 la-

361 2253 504 2307 cobS.
556 2245 863 2304 Animadv.
912 2243 973 2296 in
1024 2239 1159 2295 Ath.
1212 2259 1266 2311 p·
1302 2237 1427 2296 260.
1489 2242 1537 2290 τί
1582 2238 1776 2309 λύχνον.
1851 2237 1960 2290 Sed
1997 2238 2102 2291 du·

359 2344 507 2403 bito,
574 2355 712 2390 num
749 2337 862 2389 iam
900 2329 1100 2385 Alcaei
1137 2337 1312 2380 aetate
1351 2336 1405 2379 et
1451 2326 1598 2398 apud
1636 2326 1842 2380 Aeoles
1883 2325 2104 2379 Atticus
2161 2322 2165 2331 ‘

362 2446 483 2482 mos
521 2424 737 2478 vocales
777 2430 903 2473 ante
942 2426 1154 2470 mutam
1207 2433 1334 2466 cum
1382 2413 1592 2483 liquida
1632 2413 1971 2485 corripiendi
2012 2415 2104 2466 in-

361 2513 615 2571 valuerit.
700 2509 1044 2562 Sententiam
1088 2502 1263 2575 primi
1310 2521 1501 2555 versus
1542 2501 1758 2572 egregie
1805 2501 2104 2554 declaravit

363 2600 589 2657 Casaub.
627 2599 695 2652 ad
733 2599 773 2652 l.
813 2597 921 2650 XI.
971 2591 1276 2662 „Antiqui‚
1313 2609 1487 2661 quum
1523 2589 1641 2642 fere
1679 2589 1895 2662 parcius
1929 2608 2107 2660 pran—

362 2692 586 2754 derent,
648 2695 700 2739 et
738 2682 1042 2737 coenabant
1088 2679 1367 2732 liberalius
1411 2688 1466 2732 et
1507 2678 1936 2750 compotationes
1980 2695 2102 2730 suas

363 2798 429 2830 eo
469 2774 840 2829 reservabant.
929 2770 1182 2840 Tempus
1233 2775 1422 2820 autem
1466 2784 1671 2818 coenae
1708 2774 1826 2818 erat
1869 2781 2105 2837 vespera

364 2875 417 2918 et
455 2860 646 2933 λύχνων
680 2858 823 2929 ἆφαί.
908 2858 993 2910 Ita
1029 2856 1140 2909 viri
1180 2872 1377 2925 graves
1428 2864 1482 2908 et
1518 2853 1798 2926 occupati:
1842 2870 1971 2905 nam
2008 2853 2104 2921 qui

364 2951 522 3004 aliter
570 2948 744 3003 vitam
792 2943 1181 3008 instituebant,
1246 2943 1306 2995 hi
1363 2951 1417 2995 et
1466 2946 1784 3008 tempestiva
1831 2938 2103 3008 agitabant

366 3042 617 3090 convivia
654 3046 705 3088 et
750 3035 820 3087 ad
867 3032 1065 3106 pocula
1103 3036 1166 3082 cle
1211 3035 1296 3082 die
1332 3029 1676 3083 accedebant.
1759 3026 1886 3080 Hoc
1933 3026 2103 3096 igitur

366 3125 576 3182 Alcaeo
627 3131 823 3194 poetae
871 3120 1066 3174 vinoso
1112 3137 1262 3173 nunc
1310 3119 1492 3180 dolet,
1545 3115 1697 3185 quod
1746 3123 1974 3186 propter
2010 3132 2106 3164 so·-

367 3213 518 3266 brios
571 3209 781 3262 sodales
840 3209 1038 3261 horam
1086 3207 1426 3260 lucernalem
1477 3212 1706 3275 cogatur
1762 3202 2107 3274 expectare-“T

370 3300 620 3353 Imitatus
669 3307 748 3350 est
793 3295 1152 3368 Asclepiades
1198 3294 1258 3346 in
1303 3292 1473 3346 Anal.
1518 3292 1615 3346 Br.
1650 3288 1691 3341 Ι.
1742 3307 1797 3363 p.
1839 3291 1958 3345 215.
1997 3286 2103 3340 IX.

374 3387 469 3453 (T.
494 3385 539 3442 Ι.
575 3404 630 3458 p.
662 3383 784 3441 145.
819 3383 1003 3455 Lips)
1038 3386 1259 3452 πίνωμεν
1290 3374 1498 3451 Βάκχου
1532 3375 1688 3450 ζωρὸν
1722 3375 1881 3447 πόμα.
1918 3371 2104 3430 δάκτυ-
