2293 3650
1049 285 1133 352 35

234 459 407 496 unum
442 439 532 494 vel
567 441 781 514 plure5‚
817 461 848 494 e
873 442 1055 496 verbis
1087 441 1226 496 Plut.
1262 437 1475 497 κελεύων
1503 445 1736 514 καταχέαι
1771 447 1950 500 mani-

234 530 433 582 festum
471 537 581 590 est,
640 547 741 581 nec
783 527 1158 600 καταχεύασθαι
1197 527 1332 592 τινὸς
1376 525 1558 598 μύρον,
1617 530 1721 584 nisi
1767 529 1949 592 fallor,

232 633 485 687 graecum
525 624 602 668 est
632 634 737 686 pro
765 619 1026 686 καταχέαι,
1057 616 1178 680 sed,
1212 632 1386 683 quum
1412 617 1556 668 clara
1590 616 1756 670 insint
1786 619 1951 670 metri

230 701 585 756 choriambici
631 703 884 774 vestigia,
937 704 1065 756 huic
1109 706 1284 770 χεῦσον
1327 714 1610 773 repugnat.
1690 704 1952 774 Suspicor

229 784 323 839 κὰδ
358 788 414 841 δὲ
447 787 635 859 χεύατε.
683 809 809 841 nam
846 791 904 842 in
938 789 1057 843 MS.
1094 789 1196 860 Ep.
1233 807 1316 858 ap.
1346 787 1647 859 Schweigh.
1687 790 1953 861 scriptum

230 884 344 926 erat
391 872 607 945 ἐχεύατο.
676 878 877 946 ἔχευσα,
935 870 1214 944 ἐχευσάμην
1275 874 1461 927 dubito
1512 894 1647 928 num
1707 894 1951 946 unquam

227 959 431 1015 Graeci
470 963 710 1016 dixerint
746 981 849 1034 pro
887 963 1026 1031 ἔχεα,
1063 958 1288 1032 ἐχεάμην.

365 1133 653 1190 ΧΧΧΠῙ.
712 1134 920 1189 Athen.
956 1134 1093 1188 XV.
1131 1154 1182 1207 Ρ.
1221 1133 1339 1203 674.
1377 1133 1447 1188 D.
1495 1135 1857 1201 ἐστεφανοῦντο
1895 1133 1951 1188 δὲ

223 1219 311 1271 καὶ
353 1216 415 1271 τὰ
457 1219 634 1291 στήθη
679 1222 763 1275 καὶ
811 1221 1026 1291 ἐμύρουν
1068 1227 1255 1284 ταῦτα,
1308 1222 1420 1273 ἐπεὶ
1457 1215 1651 1273 αὐτόθι
1685 1219 1718 1288 ἡ
1758 1208 1948 1288 καρδία.

222 1301 431 1359 ἐκάλουν
464 1307 517 1361 δὲ
556 1309 641 1362 καὶ
671 1309 744 1370 οἷς
772 1309 1086 1379 περιεδέοντο
1124 1307 1212 1362 τὸν
1245 1303 1487 1378 τράχηλον
1510 1303 1783 1374 στεφάνους
1818 1304 1952 1361 ὓπο-

222 1389 507 1460 θυμιάδας,
553 1392 620 1456 ὦς
644 1394 876 1458 Ἀλκαῖος
913 1399 967 1450 ἐν
1001 1392 1225 1458 τούτοις·

503 1479 619 1533 ἀλλ’
658 1481 826 1552 ἀνήτω
863 1482 953 1549 μὲν
991 1484 1108 1553 περὶ
1147 1489 1255 1544 ταῖς
1290 1480 1508 1550 δέραισιν

502 1570 751 1637 παρθέτω
789 1568 1009 1632 πλέκτας
1043 1568 1374 1638 ὑποθυμίδας
1411 1589 1504 1630 τις.

219 1649 412 1705 Ursin.
449 1671 501 1725 p.
541 1671 657 1706 101.
695 1655 898 1707 Blomf.
939 1660 1023 1708 nr.
1053 1648 1269 1708 XLVI.
1331 1654 1672 1724 Legebatur:
1709 1649 1837 1704 ἀλλὰ
1862 1651 1952 1704 ἇν-

220 1741 440 1806 νήτωμεν
475 1738 565 1806 μὲν
599 1760 654 1792 π.
692 1762 735 1792 τ.
774 1741 938 1814 δέραις
971 1744 1226 1809 περθέτω.
1276 1740 1534 1792 Correxit
1569 1740 1794 1792 Casaub.
1838 1739 1951 1791 Pro

219 1824 384 1893 δέραις
420 1827 623 1878 Iacobs.
663 1826 729 1877 ad
752 1825 925 1892 Anal-
956 1827 1050 1878 Br.
1084 1828 1129 1888 I,
1165 1843 1212 1878 2.
1254 1845 1307 1896 p.
1337 1826 1422 1879 48.
1462 1825 1708 1895 δέραισιν,
1750 1825 1952 1897 quippe

219 1921 425 1974 metm,
476 1913 622 1983 quod
661 1911 993 1984 Sapphicum
1036 1930 1151 1963 esse
1187 1910 1435 1974 videtur,
1472 1911 1665 1981 aptius,
1734 1908 1953 1972 πλέκτας

220 1997 455 2066 (Blomf.
515 1998 787 2068 πλεκταὶς)
856 2008 1082 2052 'tuentur
1141 1997 1493 2049 membranae
1549 1992 1828 2063 βαρύτονον
1883 2015 1953 2049 ex

217 2084 581 2140 Aeolensium
615 2105 772 2137 more
808 2105 910 2157 pro
937 2078 1170 2145 πλεκτάς.
1215 2080 1544 2148 ὑποθυμίδας
1575 2091 1722 2133 recte
1748 2080 1952 2135 Blomf.

217 2189 324 2242 pro
375 2168 736 2241 ὖποθυμιάδας
788 2173 856 2224 ob
907 2180 1164 2223 metrum.
1260 2169 1471 2220 Iniuria
1518 2167 1658 2219 hanc
1708 2165 1952 2220 formam

221 2257 368 2328 apud
406 2257 546 2310 Plut.
573 2261 644 2312 ΙΙ.
685 2280 740 2331 Ρ.
772 2260 890 2329 647.
919 2258 982 2310 F.
1022 2257 1246 2309 damnat
1273 2253 1589 2306 Schneider.
1625 2253 1684 2304 in
1720 2252 1828 2304 lex.
1865 2271 1948 2323 gr.

220 2343 428 2398 Athen.
456 2345 592 2400 XV.
630 2367 684 2420 p.
715 2348 833 2417 678.
869 2346 942 2400 D.
981 2342 1243 2409 ὗποθυμὶς
1277 2341 1355 2407 (l.
1379 2338 1736 2407 ὖποθυμίδες)
1775 2339 1830 2393 δὲ
1866 2341 1950 2393 καὶ

220 2428 571 2499 ὕποθυμιάδες
606 2436 844 2502 στέφανοι
879 2431 1000 2502 παρ’
1042 2429 1285 2486 Αἰολεῦσι
1330 2429 1415 2481 καὶ
1445 2424 1649 2490 Ἴωσιν,
1701 2423 1789 2488 οὓς
1833 2428 1950 2496 περὶ

222 2516 340 2580 τούς
374 2518 649 2591 τραχήλους
681 2523 1061 2590 περιετίθεντο,
1110 2515 1175 2579 ὦς
1208 2517 1379 2581 σαφῶς
1411 2512 1514 2565 ἔστι
1549 2515 1743 2579 μαθεῖν
1773 2514 1831 2566 ἐκ
1857 2518 1949 2582 τῆς

210 2605 449 2660 Ἀλκαίου
487 2609 572 2660 καὶ
597 2608 948 2675 Ἀνακρέοντος
970 2603 1240 2673 ποιήσεως.
1299 2600 1457 2653 Idem
1495 2599 1562 2652 de
1596 2601 1810 2653 ratione
1843 2621 1949 2653 no-

223 2694 388 2746 minis
418 2694 554 2748 XV.
590 2713 645 2765 p.
684 2694 803 2748 688.
838 2694 901 2746 Β.
947 2689 1076 2744 ἀλλὰ
1120 2688 1219 2759 μὴν
1252 2689 1336 2740 καὶ
1370 2683 1485 2747 τοὺς
1519 2683 1791 2753 στεφάνους
1831 2683 1949 2749 τοὺς

222 2782 591 2848 περικειμένους
628 2785 697 2849 τῷ
736 2777 925 2849 στήθει
960 2772 1320 2845 ὗποθυμιάδας
1346 2777 1394 2826 οἱ
1418 2774 1623 2843 ποιηταὶ
1652 2769 1948 2843 κεκλήκασιν

221 2864 325 2919 ἀπὸ
357 2871 447 2933 τῆς
474 2872 572 2919 τῶν
607 2867 785 2921 ἆνθῶν
819 2862 1226 2934 ἀναθυμιάσεως,
1265 2862 1356 2917 οὒκ
1388 2860 1489 2914 ἇπὸ
1525 2865 1616 2914 τοῦ
1653 2860 1746 2930 τὴν
1779 2857 1949 2933 ψυχὴν

223 2949 395 3018 θυμὸν
432 2953 733 3020 καλεῖσθαι,
789 2950 858 3017 ὥς
900 2975 1027 3015 τινες
1068 2953 1305 3014 ἀξιοῦσιν.
1392 2948 1476 3001 Cf.
1511 2949 1830 3002 Hemsterh.
1877 2949 1947 3002 ad

225 3038 364 3095 Luc.
389 3041 550 3112 Nigr.
584 3043 652 3096 Τ.
684 3045 729 3094 Ι.
766 3063 818 3115 Ρ.
853 3043 936 3110 75.
974 3041 1111 3110 (284
1144 3058 1224 3110 sq.
1261 3035 1416 3110 Bip.)
1477 3036 1587 3089 Pro
1622 3025 1948 3105 ’ὑποθυμίδας

228 3123 416 3181 Ursin.
451 3127 513 3182 ἄν
550 3153 600 3183 τι
637 3127 833 3183 ἇπαλαῖ
870 3130 1008 3198 δέραι
1049 3128 1215 3200 (sic),
1254 3126 1314 3179 in
1352 3123 1490 3176 notis
1526 3133 1709 3176 autem
1743 3144 1795 3196 p.
1826 3125 1942 3178 512.

227 3230 334 3282 pro
366 3211 508 3270 ἄντια
541 3217 703 3271 πάλαι
739 3217 879 3286 δέραι
913 3234 1241 3284 reponerem
1274 3209 1336 3264 (Ἰν
1371 3233 1447 3272 τις
1478 3209 1650 3282 ἆπαλᾷ
1687 3211 1822 3279 δέρᾳ.
1860 3209 1947 3261 lo-

229 3297 414 3367 quitur
446 3303 592 3358 enim
629 3306 746 3374 περὶ
779 3299 1174 3372 ὕποθυμιάδων,
1236 3298 1428 3370 quibus
1471 3297 1768 3374 bibentium
1806 3293 1947 3346 colla

221 3385 596 3454 coronabant,
647 3392 716 3445 de
763 3391 957 3461 quibus
1006 3392 1080 3443 ita
1115 3389 1258 3443 Plut.
1294 3386 1485 3459 Symp.
1522 3385 1618 3439 ΙΙΙ.
1689 3380 1828 3450 (vid.
1875 3377 1944 3432 fr.

1274 3474 1320 3525 C
1356 3489 1384 3525 2
