2293 3650
1023 239 1105 304 25

210 401 536 458 Mercurium
576 395 645 444 ab
669 394 867 447 Alcaeo
901 398 1066 464 lyrico
1092 408 1272 465 poeta.
1350 394 1621 450 Alcaeum
1648 397 1929 466 Epuoss'yo-

206 481 294 546 νᾶς
316 484 373 536 in
404 482 615 553 hymno
642 482 916 547 cecinisse,
954 492 1143 536 narrat
1163 483 1476 537 Menander
1506 483 1593 539 rh.
1621 484 1692 537 de
1715 503 1930 537 encom.

207 589 265 643 p.
302 569 386 622 48.
420 570 508 624 ed.
543 569 798 622 Heeren:
847 568 969 622 ἀλλ’
1002 570 1115 623 ἐπεὶ
1151 566 1357 638 εὕρηται
1392 572 1477 624 καὶ
1515 576 1667 625 τοῦτο
1705 569 1762 625 τὸ
1801 571 1933 633 εἶδος

207 660 306 708 τῶν
345 652 513 721 ὕμνων
546 654 682 725 παρὰ
715 664 824 718 τοῖς
855 656 1103 726 ἄρχαίοις,
1140 656 1225 708 καὶ
1263 654 1362 724 ἤδη
1397 658 1525 720 τινὲς
1559 661 1645 713 καὶ
1680 655 1934 727 Διονύσου

199 741 344 812 γονὰς
378 741 604 816 ὕμνησαν
647 744 731 796 καὶ
767 743 1086 805 Ἀπόλλωνος
1130 739 1275 813 γονὰς
1317 746 1508 814 ἕτεροι,
1572 749 1656 800 καὶ
1696 746 1959 822 Ἀλκαῖος-

192 826 477 896 Ἡφαίστου
525 831 609 884 καὶ
654 827 807 883 πάλιν
834 828 1046 898 Ἑρμοῦ,
1099 831 1184 883 καὶ
1235 830 1377 882 τοῦτ’
1419 830 1820 902 ἆποτετμήμεθα
1871 831 1932 886 τδ

196 917 383 984 μέρος»
412 935 550 986 quae
597 918 643 971 si
690 918 758 970 de
797 917 990 970 eodem
1038 917 1096 970 in
1134 916 1309 970 Mero.
1348 918 1564 989 hymno
1602 920 1814 981 valent,
1866 921 1934 973 de

199 1020 305 1071 quo
341 1003 633 1056 Pansanias
675 1004 955 1074 loquitur,
991 1023 1188 1058 verum
1226 1024 1340 1059 esse
1378 1000 1490 1069 non
1529 1017 1735 1080 potest,
1786 1006 1932 1077 quod

199 1108 229 1140 e
277 1089 667 1161 Porphyrione
726 1092 1021 1162 colligunt,
1080 1102 1256 1145 totum
1313 1112 1535 1147 carmen
1583 1094 1805 1146 Horatii
1864 1112 1934 1147 ex

194 1175 406 1229 Alcaeo
444 1197 765 1249 expressum
809 1198 951 1231 esse:
989 1179 1049 1232 in
1087 1180 1324 1233 Horatio
1361 1181 1511 1234 enirn
1555 1182 1623 1233 de
1659 1180 1932 1232 Mercurii

195 1263 462 1317 natalibus
501 1284 570 1318 ne
606 1268 840 1320 verbum
879 1266 1118 1336 quidem.
1200 1266 1383 1318 Etiam
1422 1267 1539 1339 ipse
1573 1267 1932 1338 Porphyrion

195 1349 264 1401 ad
313 1369 365 1403 ν’.
417 1372 470 1424 9.
517 1372 685 1407 carm.
732 1355 879 1408 Hor.
915 1357 1124 1421 fabula
1169 1356 1305 1406 haee
1359 1356 1431 1403 αῖ)
1481 1359 1681 1408 Alcaeo
1724 1357 1932 1422 facta,-

197 1438 346 1506 quod
398 1457 533 1511 opus
574 1460 687 1493 non
737 1451 856 1493 erat
903 1451 1184 1514 repetere,
1241 1441 1289 1493 si
1336 1451 1511 1494 totum
1561 1460 1816 1503 carmen,
1871 1459 1934 1493 ac

194 1542 311 1578 non
354 1525 491 1580 haec
540 1528 609 1580 (16
655 1529 936 1600 Apollinis
989 1529 1184 1588 bobusv
1217 1548 1249 1581 a
1297 1529 1582 1585 Mercurio
1636 1528 1932 1589 subductiS,

193 1610 383 1665 fabula
420 1633 489 1666 ex
527 1614 738 1667 Alcaeo
773 1625 954 1666 sumta
991 1626 1123 1669 erat.
1194 1615 1386 1684 Quare
1423 1636 1651 1682 vereor,
1691 1636 1760 1668 ne
1799 1634 1935 1685 ope-

194 1717 319 1752 ram
344 1701 652 1771 perdiderit
680 1699 1025 1764 Grotesend.,
1061 1701 1172 1772 qui,
1207 1702 1453 1754 carmine
1478 1704 1700 1756 Horatii
1720 1703 1934 1754 Graece

191 1798 343 1841 retro
383 1786 680 1850 vertendO,
728 1785 925 1840 Alcaei
974 1787 1254 1857 hymnum
1291 1791 1578 1843 restituere
1627 1809 1785 1861 posse
1832 1788 1933 1841 sibi

190 1875 338 1929 visus
379 1883 458 1927 est
482 1872 554 1926 in
591 1873 741 1926 Nov.
778 1872 909 1926 Act.
949 1873 1070 1925 Soc.
1107 1875 1198 1927 lat.
1235 1876 1353 1926 Ien.
1392 1878 1438 1928 I.
1475 1894 1532 1946 p.
1566 1878 1668 1930 225
1703 1893 1822 1943 sqq.
1847 1875 1934 1940 ¹⁸)

194 1962 387 2030 Quid?
445 1961 593 2032 quod
640 1960 863 2014 initium
911 1960 1109 2032 hymni
1154 1972 1366 2015 exstare
1418 1961 1640 2014 videtur
1686 1981 1773 2032 ap.
1813 1962 1934 2012 He·

191 2050 398 2122 phaest.
437 2070 490 2122 p.
526 2050 594 2101 45
632 2067 709 2118 sq.
747 2048 820 2119 (p.
860 2067 942 2119 79.
981 2048 1195 2118 Gaisf.)‚
1238 2050 1332 2102 ubi
1367 2050 1434 2102 de
1470 2059 1650 2102 metro
1690 2048 1932 2120 Sapphi-

195 2156 292 2189 co:
329 2139 437 2189 ἔστι
473 2135 527 2189 δὲ
564 2136 649 2188 καὶ
685 2134 807 2204 παρ’
829 2133 1044 2205 Ἀλκαίῳ
1084 2135 1190 2199 (sic
1218 2136 1422 2200 Gaisf.)
1461 2138 1546 2190 καὶ
1580 2134 1768 2205 ἄδηλον
1801 2134 1934 2189 ὅπο-

193 2225 341 2295 τέρου
377 2224 515 2276 ἐστὶν
549 2218 769 2290 εὕρημα,
817 2225 865 2274 εἰ
898 2223 984 2276 καὶ
1023 2221 1296 2290 Σαπφικόν
1330 2222 1585 2288 καλεῖται,
1638 2223 1755 2278 οἷον.

274 2336 279 2343 ’
338 2342 534 2395 XXII.
592 2346 734 2412 χαῖρε
772 2334 1041 2400 Κυλλάνας
1077 2337 1107 2394 ‘o'
1141 2343 1337 2410 μέδεις,
1392 2343 1447 2396 σὲ
1483 2339 1575 2414 γάρ
1613 2363 1726 2409 μοι,
1785 2341 1933 2411 quod

199 2430 345 2504 apud
393 2429 584 2482 Ursin.
620 2435 714 2485 sest
761 2447 817 2502 p.
861 2428 1007 2495 104.9
1059 2430 1204 2502 apud
1238 2430 1442 2484 Blomf.
1488 2451 1574 2484 nr.
1612 2429 1932 2482 XXXVII.

171 2518 361 2586 “⁹562oe
394 2537 423 2571 6
458 2517 621 2571 MSS.
657 2517 864 2589 recepit
902 2516 1076 2570 Gaisf.
1118 2537 1224 2590 pro
1263 2519 1444 2586 μέδων.
1525 2517 1730 2572 Blomf.
1768 2535 1932 2589 prae-

194 2615 347 2659 terea
379 2604 435 2657 τὲ
472 2600 562 2675 γάρ
598 2624 700 2672 μοι.

339 2725 567 2779 ΧΧΠΙ.
619 2722 876 2777 Fortasse
913 2722 972 2777 in
1005 2723 1112 2779 hoc
1147 2725 1360 2796 hymno
1408 2725 1572 2778 etiam
1606 2723 1792 2775 locum
1830 2721 1932 2774 ha-

198 2813 348 2876 buit,
396 2811 541 2883 quod
579 2821 850 2864 memorat
884 2811 1092 2867 Athen.
1138 2814 1215 2866 X.
1258 2833 1303 2885 p.
1342 2813 1466 2867 425.
1502 2811 1562 2864 C.
1606 2809 1840 2871 Ἀλκαῖος
1876 2809 1931 2864 δὲ

198 2901 285 2954 καὶ
322 2898 409 2954 τὸν
435 2897 625 2971 Ἑρμῆν
660 2896 847 2969 εἰσάγει
880 2899 1047 2955 αὐτῶν
1093 2905 1232 2969 (τῶν
1267 2904 1442 2966 θεῶν)
1479 2894 1717 2971 οἰνοχόον.
1781 2898 1930 2970 quod

199 2989 347 3062 apud
384 2987 577 3045 Ursin.
612 2998 690 3042 est
725 3006 781 3060 p.
821 3006 939 3061 109.

258 3198 463 3256 182'Hoc
493 3205 630 3247 etiam
660 3211 930 3259 argumento
959 3202 1223 3249 confirmari
1250 3212 1415 3259 potest,
1452 3204 1579 3261 quod
1607 3202 1658 3243 iu
1685 3195 1929 3242 Animadv-

310 3275 374 3319 ad
399 3277 599 3332 hymnos
619 3278 812 3323 Homer.
840 3292 889 3335 p.
910 3277 964 3335 59
994 3294 1098 3337 sqq.
1128 3291 1203 3322 me
1230 3280 1454 3334 suspicari
1478 3279 1606 3326 dixi,
1634 3272 1812 3315 auctori
1837 3269 1928 3324 1¹5·

317 3351 414 3393 mni
443 3349 629 3418 Homer.
659 3355 709 3396 iu
737 3352 879 3397 Mero.
907 3351 1132 3397 Alcaeum
1159 3352 1221 3397 ob
1258 3353 1418 3397 oculos
1447 3351 1600 3396 fuisse.
