2293 3650
1175 247 1260 308 48

359 421 419 473 in
450 417 643 488 quibus
677 407 903 480 πενιχρός
937 426 1038 479 pro
1076 410 1365 474 anapaesto
1390 401 1634 455 habuisse
1659 403 1894 469 videtur,
1928 402 2075 471 quod

361 507 543 560 nescio
591 519 660 554 an
705 498 765 550 in
812 515 877 547 eo
918 500 1080 565 poeta
1124 509 1237 542 non
1277 488 1453 541 liceat·
1514 489 1623 541 vid.
1662 490 1731 541 ad
1770 490 1840 543 fr.
1920 489 2076 541 Dum

359 592 590 647 meliora
637 585 965 642 doceantur,
1026 577 1245 632 tertium
1291 594 1396 647 pro
1442 576 1786 648 logaeoedico
1823 576 2079 629 breviore

360 677 535 731 habeo

360 819 511 886 (vid.
545 758 1083 870 Eurtvfiliozd.-185.
1132 808 1285 862 Med.
1329 806 1442 875 157.
1481 804 1598 877 459.
1648 803 1771 858 Alc.
1817 823 1925 876 119.
1961 806 2078 878 249.

362 907 482 962 580.
519 906 639 977 993.
677 903 794 955 Ion.
837 916 985 964 1071.
1028 896 1195 950 Herc.
1233 894 1272 948 f.
1310 893 1471 960 640.)
1517 901 1769 963 quartum
1807 911 1912 964 pro
1947 913 2079 948 ana-

362 993 598 1066 paestico
635 985 985 1056 logaoedico:

649 1091 855 1113 .....
881 1071 1158 1128 10-0-„-

362 1152 514 1204 cuius
550 1148 752 1202 similes
788 1145 945 1198 multi
979 1141 1329 1216 reperiuntur
1366 1140 1423 1194 in
1455 1142 1789 1213 tragicorum
1826 1139 2088 1193 carmini-

362 1239 462 1291 bus
499 1236 737 1302 meliciS,
781 1243 841 1286 ut
876 1233 1066 1304 Eurip.
1104 1230 1240 1283 HeC.
1279 1245 1396 1302 927.
1439 1228 1563 1283 Alc.
1599 1229 1718 1301 449.
1754 1230 1870 1299 467.
1911 1229 2082 1300 Ilipp.

362 1328 464 1380 551
503 1344 611 1397 sqq.
684 1323 872 1391 Itaque
907 1329 1085 1372 totum
1119 1335 1339 1370 carmen
1376 1317 1451 1369 sic
1490 1316 1763 1369 describo:

648 1407 716 1470 (ὃς
758 1405 847 1477 γὰρ
886 1404 1077 1475 δήποτε
1113 1405 1264 1471 φασὶν
1290 1399 1649 1473 Ἀριστόδαμον

646 1498 717 1550 ἓν·
740 1490 955 1564 Σπάρτᾳ
986 1492 1133 1562 λόγον
1169 1490 1260 1544 οὗκ
1292 1489 1585 1557 ἆπάλαμνον
1616 1493 1792 1559 εῑπῆν·

850 1577 1065 1650 χρήματ’
1107 1574 1261 1645 ἀνὴρ,
1298 1575 1526 1646 πὲνιχρὸς
1562 1577 1613 1630 δ’

740 1666 903 1728 οὗδεὶς
937 1662 1109 1717 πέλετ’
1153 1661 1297 1724 ἐσλὸς
1334 1662 1452 1715 οὐδὲ
1488 1667 1663 1730 τίμιος.

503 1796 599 1849 LI.
649 1794 829 1847 Schol.
867 1791 1025 1845 Pind.
1059 1790 1150 1844 Ol.
1186 1791 1229 1850 I,
1269 1809 1351 1861 97.
1390 1790 1473 1842 ed.
1502 1789 1739 1842 Boeckh.
1768 1787 1999 1854 Ἀλκαῖος
2033 1792 2090 1846 δὲ

366 1885 451 1938 καὶ
471 1880 688 1948 Ἀλκμὰν
719 1881 873 1954 λίθον
906 1880 1058 1944 φασὶν
1094 1879 1462 1944 ἓπαιωρεῖσθαι
1495 1881 1562 1942 τῷ
1604 1873 1872 1945 Ταντάλῳ·
1915 1876 1967 1946 [ὃ
1998 1879 2088 1945 μὲν

358 1969 620 2034 Ἀλκαῖος]
666 1969 900 2019 Κεῖσθαι
933 1962 1033 2031 πὰρ
1070 1962 1286 2028 κεφαλᾶς
1320 1966 1467 2030 μέγας
1506 1959 1605 2023 ὠάς
1643 1998 1655 2011 .
1694 2001 1706 2012 .
1745 2004 1757 2015 .
1799 1966 1970 2031 σιμίδα
2009 1967 2089 2019 λί-

366 2061 482 2119 θος.
546 2055 604 2106 in
643 2054 835 2122 quibus
878 2051 1045 2103 verba
1094 2045 1120 2101 ὃ
1161 2048 1251 2114 μὲν
1287 2048 1519 2109 Ἀλκαῖος
1567 2048 1804 2102 Boeckh.
1853 2053 2089 2106 addidit:

368 2155 546 2198 cetera
583 2149 706 2194 sunt
745 2159 812 2193 ex
847 2137 1073 2195 Vratisl.
1111 2135 1186 2189 A.
1224 2135 1294 2187 D.
1359 2136 1470 2201 „In
1498 2135 1566 2187 D.
1606 2145 1682 2188 est
1717 2136 1876 2209 παρά,
1914 2160 2089 2212 neque

366 2235 410 2287 is
441 2230 540 2294 ὤας
575 2229 776 2283 habere
814 2226 1097 2279 videtur.“

512 2316 705 2370 Ursin.
740 2334 793 2387 p.
826 2330 939 2384 109.
1009 2310 1140 2364 Vid.
1173 2309 1464 2365 VVelcker.
1503 2310 1571 2363 ad
1607 2309 1801 2382 fragm.
1835 2311 2090 2369 Alcman.

370 2426 423 2479 p.
460 2405 528 2461 60
565 2421 674 2473 sqq.

512 2515 634 2569 LII.
693 2513 822 2566 Huc
857 2515 1135 2584 pertinere
1168 2511 1387 2564 videtur
1423 2530 1651 2582 sequens
1686 2511 1756 2564 fr.

669 2601 935 2672 Apollon.
974 2600 1140 2670 Dys0.
1178 2619 1233 2649 π.
1271 2601 1434 2668 ἐπιῤῥ.
1473 2619 1523 2671 p.
1553 2601 1669 2660 613,
1708 2603 1793 2655 50.
1830 2602 1889 2654 in‘
1924 2603 2093 2658 Bekk‚

374 2691 558 2745 anecd.
610 2689 730 2759 τῇδε
777 2686 869 2760 γὰρ
919 2690 1017 2760 ἔχει
1063 2687 1144 2739 καὶ
1192 2684 1247 2738 τὸ
1295 2684 1551 2756 ἐπίρῤημα
1595 2685 1717 2757 παρ’
1758 2687 2002 2742 Αἰολεῦσι
2035 2687 2092 2743 τὸ

374 2782 517 2848 μέσοι

661 2851 800 2918 γαίας
837 2847 918 2899 καὶ
951 2840 1205 2912 νιφόεντος
1239 2844 1409 2914 ὧρανῶ
1445 2846 1602 2910 μέσοι.

377 2937 464 2988 Ex
489 2935 751 3007 Apollon.
784 2935 949 3005 Dysc.
987 2952 1216 3004 gramm.
1250 2933 1454 2986 inedita
1487 2933 1612 2984 citat
1633 2933 1809 2984 Koen.
1837 2930 1901 2982 ad
1929 2929 2095 3000 Greg.

384 3044 432 3096 p.
464 3024 576 3076 168.
626 3023 815 3077 Alcaei
849 3042 989 3086 esse,
1035 3030 1181 3093 patet
1216 3040 1284 3072 ex
1321 3021 1513 3073 eodem
1550 3039 1602 3090 p.
1630 3021 1759 3080 533,
1798 3033 1879 3086 27.
1916 3014 1972 3068 τὸ
2007 3016 2098 3085 γὰρ

378 3102 514 3178 παρὰ
550 3117 656 3170 τοῖς
692 3111 806 3178 περὶ
843 3108 929 3162 τὸν
958 3107 1189 3159 Ἀλκαῖον
1235 3109 1463 3171 μέσσοι
1506 3105 1662 3174 δῆλον
1707 3102 1787 3157 ὅτι
1831 3101 1954 3156 κατὰ
2002 3102 2096 3170 τὴν

381 3198 512 3251 ἰδίαν
546 3194 802 3249 διάλεκτον
828 3193 920 3247 ἇνά
950 3191 1096 3264 λόγον
1129 3197 1411 3264 βαρυνθείη
1447 3189 1522 3244 ἄν.
1571 3191 1630 3243 οὗ
1665 3188 1754 3261 γάρ
1791 3192 1926 3243 ἔστιν
1957 3188 2098 3242 ἐλλι-

382 3282 486 3352 πὴς
530 3288 593 3355 τῇ
645 3284 699 3334 ἓν
747 3284 1028 3348 προθέσει,
1084 3278 1475 3344 συστελλομένου
1519 3283 1607 3330 τοῦ
1643 3301 1682 3330 ω
1718 3282 1789 3339 εἷς
1826 3274 1881 3330 τὸ
1922 3297 1975 3341 ο,
2027 3270 2096 3336 ὥς

384 3390 516 3432 τινες
547 3362 859 3438 ὖπενόησαν,
895 3370 958 3420 ἐν
990 3369 1226 3438 μέσσῳ·
1272 3365 1388 3419 ἀλλ’
1418 3362 1479 3420 ὃν
1514 3365 1700 3435 τρόπον
1721 3361 1856 3436 παρὰ
1880 3360 1937 3418 τὸ
1965 3361 2097 3423 οἶκος
