<?xml version="1.0" encoding="UTF-8"?>
<!DOCTYPE html PUBLIC "-//W3C//DTD XHTML 1.0 Transitional//EN"
    "http://www.w3.org/TR/xhtml1/DTD/xhtml1-transitional.dtd">
<html xmlns="http://www.w3.org/1999/xhtml" xml:lang="en" lang="en">
 <head>
  <title>
</title>
<meta http-equiv="Content-Type" content="text/html;charset=utf-8" />
  <meta name='ocr-system' content='tesseract 3.04.00' />
  <meta name='ocr-capabilities' content='ocr_page ocr_carea ocr_par ocr_line ocrx_word'/>
</head>
<body>
  <div class='ocr_page' id='page_1' title='image "./reliquiaecollegi00alcauoft_0063.png"; bbox 0 0 2293 3650; ppageno 0'>
   <div class='ocr_carea' id='block_1_1' title="bbox 81 426 91 446">
    <p class='ocr_par' dir='ltr' id='par_1_1' title="bbox 81 426 91 446">
     <span class='ocr_line' id='line_1_1' title="bbox 81 426 91 446; baseline 0 0"><span class='ocrx_word' id='word_1_1' title='bbox 81 426 91 446; x_wconf 64' lang='grc' dir='ltr'>ὶ</span> 
     </span>
    </p>
   </div>
   <div class='ocr_carea' id='block_1_2' title="bbox 980 265 1063 326">
    <p class='ocr_par' dir='ltr' id='par_1_2' title="bbox 980 265 1063 326">
     <span class='ocr_line' id='line_1_2' title="bbox 980 265 1063 326; baseline 0 0"><span class='ocrx_word' id='word_1_2' title='bbox 980 265 1063 326; x_wconf 85' lang='grc'><strong><em>49</em></strong></span> 
     </span>
    </p>
   </div>
   <div class='ocr_carea' id='block_1_3' title="bbox 1821 383 1831 403">
    <p class='ocr_par' dir='ltr' id='par_1_3' title="bbox 1821 383 1831 403">
     <span class='ocr_line' id='line_1_3' title="bbox 1821 383 1831 403; baseline 0 0"><span class='ocrx_word' id='word_1_3' title='bbox 1821 383 1831 403; x_wconf 68' lang='grc' dir='ltr'>ἱ</span> 
     </span>
    </p>
   </div>
   <div class='ocr_carea' id='block_1_4' title="bbox 158 414 1876 488">
    <p class='ocr_par' dir='ltr' id='par_1_4' title="bbox 158 414 1876 488">
     <span class='ocr_line' id='line_1_4' title="bbox 158 414 1876 488; baseline 0.003 -16"><span class='ocrx_word' id='word_1_4' title='bbox 158 417 218 472; x_wconf 74' lang='grc' dir='ltr'><strong><em>τό</em></strong></span> <span class='ocrx_word' id='word_1_5' title='bbox 256 419 430 472; x_wconf 81' lang='grc' dir='ltr'><strong><em>οἴκοι</em></strong></span> <span class='ocrx_word' id='word_1_6' title='bbox 462 418 686 487; x_wconf 77' lang='grc' dir='ltr'><strong><em>ἐγένετο,</em></strong></span> <span class='ocrx_word' id='word_1_7' title='bbox 727 426 970 487; x_wconf 81' lang='grc' dir='ltr'><strong><em>σημαῖνον</em></strong></span> <span class='ocrx_word' id='word_1_8' title='bbox 1005 416 1061 471; x_wconf 89' lang='grc' dir='ltr'><strong><em>τὸ</em></strong></span> <span class='ocrx_word' id='word_1_9' title='bbox 1098 419 1153 471; x_wconf 77' lang='grc' dir='ltr'><strong><em>ἐν</em></strong></span> <span class='ocrx_word' id='word_1_10' title='bbox 1189 418 1334 487; x_wconf 84' lang='grc' dir='ltr'><strong><em>οἴκῳ,</em></strong></span> <span class='ocrx_word' id='word_1_11' title='bbox 1372 414 1508 488; x_wconf 73' lang='grc' dir='ltr'><strong><em>παρά</em></strong></span> <span class='ocrx_word' id='word_1_12' title='bbox 1534 441 1589 474; x_wconf 81' lang='grc' dir='ltr'><strong><em>τε</em></strong></span> <span class='ocrx_word' id='word_1_13' title='bbox 1619 420 1676 474; x_wconf 84' lang='grc' dir='ltr'><strong><em>τὸ</em></strong></span> <span class='ocrx_word' id='word_1_14' title='bbox 1702 425 1876 477; x_wconf 75' lang='grc' dir='ltr'><strong><em>Πυθὼ</em></strong></span> 
     </span>
    </p>
   </div>
   <div class='ocr_carea' id='block_1_5' title="bbox 80 502 1878 576">
    <p class='ocr_par' dir='ltr' id='par_1_5' title="bbox 80 502 1878 576">
     <span class='ocr_line' id='line_1_5' title="bbox 80 502 1878 576; baseline 0.004 -20"><span class='ocrx_word' id='word_1_15' title='bbox 80 566 83 567; x_wconf 15' lang='lat'><em>⁷</em></span> <span class='ocrx_word' id='word_1_16' title='bbox 154 503 517 567; x_wconf 75' lang='grc' dir='ltr'><strong><em>τὰΠυθόῖ,</em></strong></span> <span class='ocrx_word' id='word_1_17' title='bbox 556 504 640 557; x_wconf 77' lang='grc' dir='ltr'><strong><em>καὶ</em></strong></span> <span class='ocrx_word' id='word_1_18' title='bbox 674 502 808 573; x_wconf 85' lang='grc' dir='ltr'><strong><em>παρὰ</em></strong></span> <span class='ocrx_word' id='word_1_19' title='bbox 846 503 902 557; x_wconf 87' lang='grc' dir='ltr'>τὸ</span> <span class='ocrx_word' id='word_1_20' title='bbox 939 506 1155 572; x_wconf 59' lang='lat' dir='ltr'><strong><em>III-{rapa</em></strong></span> <span class='ocrx_word' id='word_1_21' title='bbox 1184 503 1241 557; x_wconf 77' lang='grc' dir='ltr'><strong><em>τὸ</em></strong></span> <span class='ocrx_word' id='word_1_22' title='bbox 1269 509 1605 574; x_wconf 72' lang='grc' dir='ltr'><strong><em>Μεγαροῖ,Ι</em></strong></span> <span class='ocrx_word' id='word_1_23' title='bbox 1634 515 1878 576; x_wconf 77' lang='grc' dir='ltr'><strong><em>σημαῖνον</em></strong></span> 
     </span>
    </p>
   </div>
   <div class='ocr_carea' id='block_1_6' title="bbox 150 584 1875 834">
    <p class='ocr_par' dir='ltr' id='par_1_6' title="bbox 150 584 1875 834">
     <span class='ocr_line' id='line_1_6' title="bbox 153 584 1875 661; baseline 0.003 -18"><span class='ocrx_word' id='word_1_24' title='bbox 153 588 212 644; x_wconf 82' lang='grc' dir='ltr'><strong><em>τὸ</em></strong></span> <span class='ocrx_word' id='word_1_25' title='bbox 254 590 309 642; x_wconf 77' lang='grc' dir='ltr'><strong><em>ἓν</em></strong></span> <span class='ocrx_word' id='word_1_26' title='bbox 345 588 633 659; x_wconf 78' lang='grc' dir='ltr'><strong><em>Μεγάροις,</em></strong></span> <span class='ocrx_word' id='word_1_27' title='bbox 696 587 785 643; x_wconf 86' lang='grc' dir='ltr'><strong><em>τὸν</em></strong></span> <span class='ocrx_word' id='word_1_28' title='bbox 820 589 977 644; x_wconf 78' lang='grc' dir='ltr'><strong><em>αὐτὸν</em></strong></span> <span class='ocrx_word' id='word_1_29' title='bbox 1022 584 1210 658; x_wconf 82' lang='grc' dir='ltr'><strong><em>τρόπον</em></strong></span> <span class='ocrx_word' id='word_1_30' title='bbox 1247 592 1332 643; x_wconf 84' lang='grc' dir='ltr'><strong><em>καὶ</em></strong></span> <span class='ocrx_word' id='word_1_31' title='bbox 1367 590 1502 659; x_wconf 85' lang='grc' dir='ltr'><strong><em>παρὰ</em></strong></span> <span class='ocrx_word' id='word_1_32' title='bbox 1539 591 1596 646; x_wconf 74' lang='grc' dir='ltr'><strong><em>τό</em></strong></span> <span class='ocrx_word' id='word_1_33' title='bbox 1633 596 1780 661; x_wconf 80' lang='grc' dir='ltr'><strong><em>μέσος</em></strong></span> <span class='ocrx_word' id='word_1_34' title='bbox 1817 592 1875 648; x_wconf 86' lang='grc' dir='ltr'><strong><em>τὸ</em></strong></span> 
     </span>
     <span class='ocr_line' id='line_1_7' title="bbox 150 670 1872 747; baseline 0.001 -19"><span class='ocrx_word' id='word_1_35' title='bbox 150 677 327 746; x_wconf 77' lang='grc' dir='ltr'><strong><em>μέσσοι</em></strong></span> <span class='ocrx_word' id='word_1_36' title='bbox 361 677 580 745; x_wconf 72' lang='grc' dir='ltr'><strong><em>ἐγένετο,</em></strong></span> <span class='ocrx_word' id='word_1_37' title='bbox 641 685 886 747; x_wconf 81' lang='grc' dir='ltr'><strong><em>σημαῖνον</em></strong></span> <span class='ocrx_word' id='word_1_38' title='bbox 922 674 979 730; x_wconf 85' lang='grc' dir='ltr'><strong><em>τὸ</em></strong></span> <span class='ocrx_word' id='word_1_39' title='bbox 1016 677 1071 729; x_wconf 78' lang='grc' dir='ltr'><strong><em>ἐν</em></strong></span> <span class='ocrx_word' id='word_1_40' title='bbox 1105 676 1254 743; x_wconf 81' lang='grc' dir='ltr'><strong><em>μέσῳ.</em></strong></span> <span class='ocrx_word' id='word_1_41' title='bbox 1328 670 1451 745; x_wconf 78' lang='grc' dir='ltr'><strong><em>ὅπερ</em></strong></span> <span class='ocrx_word' id='word_1_42' title='bbox 1495 678 1621 746; x_wconf 68' lang='grc' dir='ltr'><strong><em>ἔφην</em></strong></span> <span class='ocrx_word' id='word_1_43' title='bbox 1656 674 1780 731; x_wconf 79' lang='grc' dir='ltr'><strong><em>κατὰ</em></strong></span> <span class='ocrx_word' id='word_1_44' title='bbox 1814 674 1872 730; x_wconf 84' lang='grc' dir='ltr'><strong><em>τὸ</em></strong></span> 
     </span>
     <span class='ocr_line' id='line_1_8' title="bbox 150 760 918 834; baseline -0.003 -18"><span class='ocrx_word' id='word_1_45' title='bbox 150 760 392 816; x_wconf 75' lang='grc' dir='ltr'><strong><em>Αἰολικὸν</em></strong></span> <span class='ocrx_word' id='word_1_46' title='bbox 428 765 556 826; x_wconf 78' lang='grc' dir='ltr'><strong><em>ἔθος</em></strong></span> <span class='ocrx_word' id='word_1_47' title='bbox 587 761 918 834; x_wconf 72' lang='grc' dir='ltr'><strong><em>βαρύνεσθαι.</em></strong></span> 
     </span>
    </p>
   </div>
   <div class='ocr_carea' id='block_1_7' title="bbox 134 930 1873 2126">
    <p class='ocr_par' dir='ltr' id='par_1_7' title="bbox 143 930 1873 1263">
     <span class='ocr_line' id='line_1_9' title="bbox 287 930 1873 1007; baseline 0.001 -18"><span class='ocrx_word' id='word_1_48' title='bbox 287 937 438 990; x_wconf 90' lang='lat' dir='ltr'><strong>LIII.</strong></span> <span class='ocrx_word' id='word_1_49' title='bbox 491 936 671 989; x_wconf 88' lang='lat' dir='ltr'><strong>Schol.</strong></span> <span class='ocrx_word' id='word_1_50' title='bbox 705 933 990 1007; x_wconf 84' lang='lat' dir='ltr'><strong>Aristoph-</strong></span> <span class='ocrx_word' id='word_1_51' title='bbox 1028 933 1138 987; x_wconf 83' lang='lat' dir='ltr'><strong><em>Av-</em></strong></span> <span class='ocrx_word' id='word_1_52' title='bbox 1182 937 1331 987; x_wconf 83' lang='lat'><strong>1410.</strong></span> <span class='ocrx_word' id='word_1_53' title='bbox 1354 930 1664 1005; x_wconf 77' lang='grc' dir='ltr'><strong><em>’Όρνιθες</em></strong></span> <span class='ocrx_word' id='word_1_54' title='bbox 1698 936 1873 998; x_wconf 83' lang='grc' dir='ltr'><strong><em>τίνες</em></strong></span> 
     </span>
     <span class='ocr_line' id='line_1_10' title="bbox 147 1019 1871 1092; baseline 0.001 -18"><span class='ocrx_word' id='word_1_55' title='bbox 147 1021 324 1087; x_wconf 81' lang='grc' dir='ltr'><strong><em>οἵδε,·</em></strong></span> <span class='ocrx_word' id='word_1_56' title='bbox 387 1023 516 1084; x_wconf 84' lang='grc' dir='ltr'><strong><em>τινὲς</em></strong></span> <span class='ocrx_word' id='word_1_57' title='bbox 564 1022 619 1076; x_wconf 81' lang='grc' dir='ltr'><strong><em>δὲ</em></strong></span> <span class='ocrx_word' id='word_1_58' title='bbox 670 1022 805 1091; x_wconf 75' lang='grc' dir='ltr'><strong><em>παρὰ</em></strong></span> <span class='ocrx_word' id='word_1_59' title='bbox 852 1021 913 1075; x_wconf 86' lang='grc' dir='ltr'><strong><em>τὰ</em></strong></span> <span class='ocrx_word' id='word_1_60' title='bbox 952 1021 1216 1075; x_wconf 82' lang='grc' dir='ltr'><strong><em>Ἀλκαίου·</em></strong></span> <span class='ocrx_word' id='word_1_61' title='bbox 1274 1019 1508 1092; x_wconf 83' lang='grc' dir='ltr'><strong><em>Ὄρνιθες</em></strong></span> <span class='ocrx_word' id='word_1_62' title='bbox 1557 1020 1684 1081; x_wconf 83' lang='grc' dir='ltr'><strong><em>τίνες</em></strong></span> <span class='ocrx_word' id='word_1_63' title='bbox 1735 1021 1871 1084; x_wconf 70' lang='lat' dir='ltr'><em>owe,-</em></span> 
     </span>
     <span class='ocr_line' id='line_1_11' title="bbox 144 1102 1866 1180; baseline -0.001 -20"><span class='ocrx_word' id='word_1_64' title='bbox 144 1107 342 1160; x_wconf 77' lang='grc' dir='ltr'><strong><em>ὥκεανῶ</em></strong></span> <span class='ocrx_word' id='word_1_65' title='bbox 390 1107 479 1178; x_wconf 78' lang='grc' dir='ltr'><strong><em>γὰρ</em></strong></span> <span class='ocrx_word' id='word_1_66' title='bbox 525 1107 624 1162; x_wconf 76' lang='grc' dir='ltr'><strong><em>ἀπὸ</em></strong></span> <span class='ocrx_word' id='word_1_67' title='bbox 662 1105 889 1180; x_wconf 79' lang='grc' dir='ltr'><strong><em>περάτων</em></strong></span> <span class='ocrx_word' id='word_1_68' title='bbox 923 1102 1096 1178; x_wconf 74' lang='grc' dir='ltr'><strong><em>ἦλθον</em></strong></span> <span class='ocrx_word' id='word_1_69' title='bbox 1131 1107 1440 1173; x_wconf 82' lang='grc' dir='ltr'><strong><em>πανέλοπες,</em></strong></span> <span class='ocrx_word' id='word_1_70' title='bbox 1495 1105 1866 1177; x_wconf 85' lang='grc' dir='ltr'><strong><em>ποικιλόδειροι,</em></strong></span> 
     </span>
     <span class='ocr_line' id='line_1_12' title="bbox 143 1198 508 1263; baseline 0.003 -19"><span class='ocrx_word' id='word_1_71' title='bbox 143 1198 508 1263; x_wconf 66' lang='grc' dir='ltr'><strong><em>τανυσίπτεροι.</em></strong></span> 
     </span>
    </p>

    <p class='ocr_par' dir='ltr' id='par_1_8' title="bbox 139 1277 1869 1439">
     <span class='ocr_line' id='line_1_13' title="bbox 284 1277 1869 1352; baseline -0.001 -21"><span class='ocrx_word' id='word_1_72' title='bbox 284 1279 472 1335; x_wconf 79' lang='lat' dir='ltr'><strong>Ursin.</strong></span> <span class='ocrx_word' id='word_1_73' title='bbox 510 1301 561 1352; x_wconf 89' lang='lat' dir='ltr'><strong><em>p.</em></strong></span> <span class='ocrx_word' id='word_1_74' title='bbox 594 1280 709 1336; x_wconf 68' lang='lat'><strong>106&#39;.</strong></span> <span class='ocrx_word' id='word_1_75' title='bbox 755 1282 956 1335; x_wconf 84' lang='lat' dir='ltr'><strong>Blomf.</strong></span> <span class='ocrx_word' id='word_1_76' title='bbox 997 1303 1082 1335; x_wconf 84' lang='lat' dir='ltr'><strong><em>nr.</em></strong></span> <span class='ocrx_word' id='word_1_77' title='bbox 1117 1280 1288 1334; x_wconf 89' lang='lat' dir='ltr'><strong>XXI.</strong></span> <span class='ocrx_word' id='word_1_78' title='bbox 1334 1279 1547 1333; x_wconf 87' lang='lat' dir='ltr'><strong>Versus</strong></span> <span class='ocrx_word' id='word_1_79' title='bbox 1586 1288 1736 1333; x_wconf 83' lang='lat' dir='ltr'><strong>recte</strong></span> <span class='ocrx_word' id='word_1_80' title='bbox 1778 1277 1869 1331; x_wconf 80' lang='lat' dir='ltr'><strong><em>di-</em></strong></span> 
     </span>
     <span class='ocr_line' id='line_1_14' title="bbox 139 1366 1382 1439; baseline 0.002 -21"><span class='ocrx_word' id='word_1_81' title='bbox 139 1367 297 1437; x_wconf 86' lang='lat' dir='ltr'><strong>gessit</strong></span> <span class='ocrx_word' id='word_1_82' title='bbox 330 1368 585 1420; x_wconf 83' lang='lat' dir='ltr'><strong>Hotibius</strong></span> <span class='ocrx_word' id='word_1_83' title='bbox 617 1366 675 1418; x_wconf 85' lang='lat' dir='ltr'><strong><em>in</em></strong></span> <span class='ocrx_word' id='word_1_84' title='bbox 713 1367 855 1419; x_wconf 70' lang='lat' dir='ltr'><strong>lectt.</strong></span> <span class='ocrx_word' id='word_1_85' title='bbox 892 1366 1179 1438; x_wconf 84' lang='lat' dir='ltr'><strong>Aristoph.</strong></span> <span class='ocrx_word' id='word_1_86' title='bbox 1220 1387 1274 1439; x_wconf 87' lang='lat' dir='ltr'><strong><em>p.</em></strong></span> <span class='ocrx_word' id='word_1_87' title='bbox 1297 1368 1382 1438; x_wconf 85' lang='lat'><strong><em>59.</em></strong></span> 
     </span>
    </p>

    <p class='ocr_par' dir='ltr' id='par_1_9' title="bbox 349 1450 1654 1523">
     <span class='ocr_line' id='line_1_15' title="bbox 349 1450 1654 1523; baseline 0.002 -17"><span class='ocrx_word' id='word_1_88' title='bbox 349 1452 556 1522; x_wconf 72' lang='grc' dir='ltr'><strong><em>ὄρνιθες</em></strong></span> <span class='ocrx_word' id='word_1_89' title='bbox 591 1457 717 1514; x_wconf 87' lang='grc' dir='ltr'><strong><em>τίνες</em></strong></span> <span class='ocrx_word' id='word_1_90' title='bbox 754 1454 894 1517; x_wconf 81' lang='grc' dir='ltr'><strong><em>οἵδ’,·</em></strong></span> <span class='ocrx_word' id='word_1_91' title='bbox 930 1454 1127 1507; x_wconf 73' lang='grc' dir='ltr'><strong><em>ὠκεανοῦ</em></strong></span> <span class='ocrx_word' id='word_1_92' title='bbox 1166 1451 1255 1523; x_wconf 75' lang='grc' dir='ltr'><strong><em>γὰρ</em></strong></span> <span class='ocrx_word' id='word_1_93' title='bbox 1290 1450 1516 1523; x_wconf 82' lang='grc' dir='ltr'><strong><em>περάτων</em></strong></span> <span class='ocrx_word' id='word_1_94' title='bbox 1550 1451 1654 1508; x_wconf 81' lang='grc' dir='ltr'><strong><em>ἇπὸ</em></strong></span> 
     </span>
    </p>

    <p class='ocr_par' dir='ltr' id='par_1_10' title="bbox 134 1535 1868 2126">
     <span class='ocr_line' id='line_1_16' title="bbox 349 1535 1690 1609; baseline -0.001 -18"><span class='ocrx_word' id='word_1_95' title='bbox 349 1535 520 1608; x_wconf 70' lang='grc' dir='ltr'><strong><em>ἦλθον</em></strong></span> <span class='ocrx_word' id='word_1_96' title='bbox 545 1538 881 1603; x_wconf 84' lang='grc' dir='ltr'><strong><em>παννέλοπες,</em></strong></span> <span class='ocrx_word' id='word_1_97' title='bbox 918 1537 1291 1609; x_wconf 86' lang='grc' dir='ltr'><strong><em>ποικιλόδειροι,</em></strong></span> <span class='ocrx_word' id='word_1_98' title='bbox 1329 1544 1690 1606; x_wconf 83' lang='grc' dir='ltr'><strong><em>τανυσίπτεροι.</em></strong></span> 
     </span>
     <span class='ocr_line' id='line_1_17' title="bbox 137 1617 1868 1695; baseline 0.002 -21"><span class='ocrx_word' id='word_1_99' title='bbox 137 1620 339 1675; x_wconf 88' lang='lat' dir='ltr'><strong>Blomf.</strong></span> <span class='ocrx_word' id='word_1_100' title='bbox 378 1623 492 1695; x_wconf 53' lang='lat'><strong><em>39²⁸</em></strong></span> <span class='ocrx_word' id='word_1_101' title='bbox 532 1629 658 1683; x_wconf 84' lang='grc' dir='ltr'><strong><em>τίνες</em></strong></span> <span class='ocrx_word' id='word_1_102' title='bbox 696 1626 793 1677; x_wconf 77' lang='grc' dir='ltr'><strong><em>οἵδ’</em></strong></span> <span class='ocrx_word' id='word_1_103' title='bbox 830 1625 1059 1689; x_wconf 79' lang='grc' dir='ltr'><strong><em>ὧκεανῶ,·</em></strong></span> <span class='ocrx_word' id='word_1_104' title='bbox 1118 1632 1205 1695; x_wconf 78' lang='grc' dir='ltr'><strong><em>γᾶς</em></strong></span> <span class='ocrx_word' id='word_1_105' title='bbox 1250 1625 1350 1678; x_wconf 81' lang='grc' dir='ltr'><strong><em>ἇπὸ</em></strong></span> <span class='ocrx_word' id='word_1_106' title='bbox 1396 1623 1643 1695; x_wconf 86' lang='grc' dir='ltr'><strong><em>πειράτων</em></strong></span> <span class='ocrx_word' id='word_1_107' title='bbox 1666 1617 1868 1677; x_wconf 69' lang='grc' dir='ltr'><strong><em>ῗΗνθον</em></strong></span> 
     </span>
     <span class='ocr_line' id='line_1_18' title="bbox 137 1708 1866 1781; baseline 0.001 -21"><span class='ocrx_word' id='word_1_108' title='bbox 137 1711 311 1762; x_wconf 87' lang='grc' dir='ltr'><strong><em>πανέλ.</em></strong></span> <span class='ocrx_word' id='word_1_109' title='bbox 352 1721 447 1763; x_wconf 76' lang='lat' dir='ltr'><strong>etc.</strong></span> <span class='ocrx_word' id='word_1_110' title='bbox 518 1709 801 1772; x_wconf 83' lang='grc' dir='ltr'><strong><em>πανέλοπες</em></strong></span> <span class='ocrx_word' id='word_1_111' title='bbox 846 1708 1146 1780; x_wconf 86' lang='grc' dir='ltr'><strong><em>αῖολόδειροι</em></strong></span> <span class='ocrx_word' id='word_1_112' title='bbox 1186 1711 1620 1781; x_wconf 77' lang='grc' dir='ltr'><strong><em>λαθιπορφυρίδες</em></strong></span> <span class='ocrx_word' id='word_1_113' title='bbox 1655 1713 1737 1762; x_wconf 86' lang='grc' dir='ltr'><strong><em>καὶ</em></strong></span> <span class='ocrx_word' id='word_1_114' title='bbox 1771 1710 1866 1762; x_wconf 79' lang='grc' dir='ltr'><strong><em>ἆλ-</em></strong></span> 
     </span>
     <span class='ocr_line' id='line_1_19' title="bbox 137 1793 1864 1868; baseline 0.001 -22"><span class='ocrx_word' id='word_1_115' title='bbox 137 1793 309 1858; x_wconf 75' lang='grc' dir='ltr'><strong><em>κυόνες</em></strong></span> <span class='ocrx_word' id='word_1_116' title='bbox 356 1797 704 1863; x_wconf 85' lang='grc' dir='ltr'><strong><em>τανυσίπτεροι</em></strong></span> <span class='ocrx_word' id='word_1_117' title='bbox 753 1807 827 1848; x_wconf 74' lang='lat' dir='ltr'><strong><em>est</em></strong></span> <span class='ocrx_word' id='word_1_118' title='bbox 872 1799 931 1849; x_wconf 87' lang='lat' dir='ltr'><strong><em>in</em></strong></span> <span class='ocrx_word' id='word_1_119' title='bbox 976 1797 1045 1849; x_wconf 78' lang='lat' dir='ltr'><strong><em>fr.</em></strong></span> <span class='ocrx_word' id='word_1_120' title='bbox 1085 1799 1238 1868; x_wconf 77' lang='lat' dir='ltr'><strong>Ibyci</strong></span> <span class='ocrx_word' id='word_1_121' title='bbox 1285 1818 1370 1868; x_wconf 82' lang='lat' dir='ltr'><strong><em>ap.</em></strong></span> <span class='ocrx_word' id='word_1_122' title='bbox 1410 1796 1616 1851; x_wconf 72' lang='lat' dir='ltr'><strong>Athen.</strong></span> <span class='ocrx_word' id='word_1_123' title='bbox 1655 1797 1760 1854; x_wconf 72' lang='lat' dir='ltr'><strong><em>IX,</em></strong></span> <span class='ocrx_word' id='word_1_124' title='bbox 1808 1816 1864 1868; x_wconf 85' lang='lat' dir='ltr'><strong><em>p.</em></strong></span> 
     </span>
     <span class='ocr_line' id='line_1_20' title="bbox 137 1881 1865 1955; baseline -0.002 -17"><span class='ocrx_word' id='word_1_125' title='bbox 137 1883 257 1955; x_wconf 83' lang='grc'><strong>589.</strong></span> <span class='ocrx_word' id='word_1_126' title='bbox 292 1885 358 1936; x_wconf 90' lang='grc' dir='ltr'><strong><em>Ε.</em></strong></span> <span class='ocrx_word' id='word_1_127' title='bbox 414 1885 507 1937; x_wconf 85' lang='lat' dir='ltr'><strong><em>ubi</em></strong></span> <span class='ocrx_word' id='word_1_128' title='bbox 549 1881 774 1934; x_wconf 81' lang='lat' dir='ltr'><strong>Casaub.</strong></span> <span class='ocrx_word' id='word_1_129' title='bbox 816 1882 1011 1934; x_wconf 83' lang='lat' dir='ltr'>Alcaei</span> <span class='ocrx_word' id='word_1_130' title='bbox 1061 1902 1265 1935; x_wconf 86' lang='lat' dir='ltr'>nomen</span> <span class='ocrx_word' id='word_1_131' title='bbox 1318 1885 1576 1935; x_wconf 82' lang='lat' dir='ltr'><strong>excidisse</strong></span> <span class='ocrx_word' id='word_1_132' title='bbox 1620 1885 1865 1953; x_wconf 82' lang='lat' dir='ltr'><strong>suspica-</strong></span> 
     </span>
     <span class='ocr_line' id='line_1_21' title="bbox 134 1963 1863 2037; baseline 0.001 -17"><span class='ocrx_word' id='word_1_133' title='bbox 134 1968 320 2033; x_wconf 81' lang='lat' dir='ltr'>batur,</span> <span class='ocrx_word' id='word_1_134' title='bbox 367 1979 426 2021; x_wconf 83' lang='lat' dir='ltr'><strong><em>ut</em></strong></span> <span class='ocrx_word' id='word_1_135' title='bbox 463 1971 614 2022; x_wconf 87' lang='lat' dir='ltr'><strong>locus</strong></span> <span class='ocrx_word' id='word_1_136' title='bbox 652 1971 724 2021; x_wconf 88' lang='lat' dir='ltr'><strong><em>ita</em></strong></span> <span class='ocrx_word' id='word_1_137' title='bbox 758 1969 1058 2037; x_wconf 78' lang='lat' dir='ltr'><strong>legeretur:</strong></span> <span class='ocrx_word' id='word_1_138' title='bbox 1093 1998 1165 2008; x_wconf 90' lang='lat'>—</span> <span class='ocrx_word' id='word_1_139' title='bbox 1212 1967 1463 2032; x_wconf 84' lang='grc' dir='ltr'><strong><em>ποικίλαι,</em></strong></span> <span class='ocrx_word' id='word_1_140' title='bbox 1508 1963 1863 2036; x_wconf 80' lang='grc' dir='ltr'><strong><em>ἶιλιπόρφυραι.</em></strong></span> 
     </span>
     <span class='ocr_line' id='line_1_22' title="bbox 134 2051 1825 2126; baseline 0.001 -20"><span class='ocrx_word' id='word_1_141' title='bbox 134 2056 220 2108; x_wconf 76' lang='grc' dir='ltr'><strong><em>καὶ</em></strong></span> <span class='ocrx_word' id='word_1_142' title='bbox 247 2054 478 2117; x_wconf 80' lang='grc' dir='ltr'><strong><em>Ἀλκαῖος</em></strong></span> <span class='ocrx_word' id='word_1_143' title='bbox 512 2057 567 2110; x_wconf 85' lang='grc' dir='ltr'><strong><em>δὲ</em></strong></span> <span class='ocrx_word' id='word_1_144' title='bbox 603 2056 922 2126; x_wconf 81' lang='grc' dir='ltr'><strong><em>πορφυρίδων</em></strong></span> <span class='ocrx_word' id='word_1_145' title='bbox 956 2051 1281 2125; x_wconf 68' lang='grc' dir='ltr'><strong><em>μνημονεύετε</em></strong></span> <span class='ocrx_word' id='word_1_146' title='bbox 1317 2054 1600 2116; x_wconf 81' lang='grc' dir='ltr'><strong><em>πανέλοπες</em></strong></span> <span class='ocrx_word' id='word_1_147' title='bbox 1634 2074 1680 2107; x_wconf 88' lang='grc' dir='ltr'><strong><em>κ.</em></strong></span> <span class='ocrx_word' id='word_1_148' title='bbox 1708 2076 1753 2107; x_wconf 87' lang='grc' dir='ltr'><strong><em>τ.</em></strong></span> <span class='ocrx_word' id='word_1_149' title='bbox 1778 2054 1825 2107; x_wconf 86' lang='grc' dir='ltr'><strong><em>λ.</em></strong></span> 
     </span>
    </p>
   </div>
   <div class='ocr_carea' id='block_1_8' title="bbox 276 2227 1862 2301">
    <p class='ocr_par' dir='ltr' id='par_1_11' title="bbox 276 2227 1862 2301">
     <span class='ocr_line' id='line_1_23' title="bbox 276 2227 1862 2301; baseline 0.001 -21"><span class='ocrx_word' id='word_1_150' title='bbox 276 2228 445 2281; x_wconf 83' lang='lat' dir='ltr'><strong>LIV..</strong></span> <span class='ocrx_word' id='word_1_151' title='bbox 485 2229 679 2282; x_wconf 81' lang='lat' dir='ltr'>Strabo</span> <span class='ocrx_word' id='word_1_152' title='bbox 714 2229 816 2283; x_wconf 84' lang='lat' dir='ltr'><strong><em>IX.</em></strong></span> <span class='ocrx_word' id='word_1_153' title='bbox 854 2249 907 2301; x_wconf 88' lang='lat' dir='ltr'><strong><em>p.</em></strong></span> <span class='ocrx_word' id='word_1_154' title='bbox 935 2228 1056 2283; x_wconf 85' lang='lat'><strong>411.</strong></span> <span class='ocrx_word' id='word_1_155' title='bbox 1096 2231 1253 2296; x_wconf 75' lang='lat'><strong>(631.</strong></span> <span class='ocrx_word' id='word_1_156' title='bbox 1292 2227 1539 2293; x_wconf 85' lang='lat' dir='ltr'><strong>Almel.)</strong></span> <span class='ocrx_word' id='word_1_157' title='bbox 1581 2229 1648 2282; x_wconf 80' lang='lat' dir='ltr'><strong><em>de</em></strong></span> <span class='ocrx_word' id='word_1_158' title='bbox 1680 2229 1862 2282; x_wconf 86' lang='lat' dir='ltr'>Coro-</span> 
     </span>
    </p>
   </div>
   <div class='ocr_carea' id='block_1_9' title="bbox 122 2312 1862 3429">
    <p class='ocr_par' dir='ltr' id='par_1_12' title="bbox 122 2312 1862 3429">
     <span class='ocr_line' id='line_1_24' title="bbox 134 2312 1862 2386; baseline -0.001 -18"><span class='ocrx_word' id='word_1_159' title='bbox 134 2335 263 2368; x_wconf 82' lang='lat' dir='ltr'><strong>nea:</strong></span> <span class='ocrx_word' id='word_1_160' title='bbox 326 2312 660 2384; x_wconf 79' lang='grc' dir='ltr'><strong><em>κατελὰβοντο</em></strong></span> <span class='ocrx_word' id='word_1_161' title='bbox 710 2318 766 2370; x_wconf 84' lang='grc' dir='ltr'><strong><em>δὲ</em></strong></span> <span class='ocrx_word' id='word_1_162' title='bbox 812 2314 972 2386; x_wconf 82' lang='grc' dir='ltr'><strong><em>αὐτὴν</em></strong></span> <span class='ocrx_word' id='word_1_163' title='bbox 1015 2313 1395 2378; x_wconf 48' lang='grc' dir='ltr'><strong><em>ἐπανιόντεςιέκ</em></strong></span> <span class='ocrx_word' id='word_1_164' title='bbox 1429 2320 1519 2385; x_wconf 82' lang='grc' dir='ltr'><strong><em>τῆς</em></strong></span> <span class='ocrx_word' id='word_1_165' title='bbox 1555 2315 1862 2386; x_wconf 77' lang='grc' dir='ltr'><strong><em>Θετταλικῆς</em></strong></span> 
     </span>
     <span class='ocr_line' id='line_1_25' title="bbox 122 2398 1861 2472; baseline 0.002 -19"><span class='ocrx_word' id='word_1_166' title='bbox 122 2399 301 2470; x_wconf 82' lang='grc' dir='ltr'><strong><em>Ἄρνης</em></strong></span> <span class='ocrx_word' id='word_1_167' title='bbox 337 2406 384 2454; x_wconf 79' lang='grc' dir='ltr'><strong><em>οἱ</em></strong></span> <span class='ocrx_word' id='word_1_168' title='bbox 421 2404 641 2457; x_wconf 81' lang='grc' dir='ltr'><strong><em>Βοιωτοὶ</em></strong></span> <span class='ocrx_word' id='word_1_169' title='bbox 675 2402 799 2472; x_wconf 81' lang='grc' dir='ltr'><strong><em>μετὰ</em></strong></span> <span class='ocrx_word' id='word_1_170' title='bbox 832 2398 894 2453; x_wconf 81' lang='grc' dir='ltr'><strong><em>τὰ</em></strong></span> <span class='ocrx_word' id='word_1_171' title='bbox 936 2400 1166 2470; x_wconf 77' lang='grc' dir='ltr'><strong><em>Τρωϊκὰ,</em></strong></span> <span class='ocrx_word' id='word_1_172' title='bbox 1212 2399 1295 2456; x_wconf 78' lang='grc' dir='ltr'><strong><em>ὅτε</em></strong></span> <span class='ocrx_word' id='word_1_173' title='bbox 1331 2423 1425 2472; x_wconf 90' lang='grc' dir='ltr'><strong><em>περ</em></strong></span> <span class='ocrx_word' id='word_1_174' title='bbox 1459 2404 1542 2456; x_wconf 84' lang='grc' dir='ltr'><strong><em>καὶ</em></strong></span> <span class='ocrx_word' id='word_1_175' title='bbox 1572 2401 1660 2456; x_wconf 85' lang='grc' dir='ltr'><strong><em>τὸν</em></strong></span> <span class='ocrx_word' id='word_1_176' title='bbox 1683 2405 1861 2472; x_wconf 86' lang='grc' dir='ltr'><strong><em>Ὀρχο-</em></strong></span> 
     </span>
     <span class='ocr_line' id='line_1_26' title="bbox 133 2483 1860 2560; baseline 0.002 -21"><span class='ocrx_word' id='word_1_177' title='bbox 133 2483 282 2555; x_wconf 86' lang='grc' dir='ltr'><strong><em>μενὸν</em></strong></span> <span class='ocrx_word' id='word_1_178' title='bbox 330 2488 488 2558; x_wconf 82' lang='grc' dir='ltr'><strong><em>ἔσχον.</em></strong></span> <span class='ocrx_word' id='word_1_179' title='bbox 558 2486 891 2557; x_wconf 73' lang='grc' dir='ltr'><strong><em>κρατήσαντες</em></strong></span> <span class='ocrx_word' id='word_1_180' title='bbox 938 2487 993 2540; x_wconf 85' lang='grc' dir='ltr'><strong><em>δὲ</em></strong></span> <span class='ocrx_word' id='word_1_181' title='bbox 1041 2493 1133 2555; x_wconf 78' lang='grc' dir='ltr'><strong><em>τῆς</em></strong></span> <span class='ocrx_word' id='word_1_182' title='bbox 1181 2493 1501 2559; x_wconf 81' lang='grc' dir='ltr'><strong><em>Κορωνείας,</em></strong></span> <span class='ocrx_word' id='word_1_183' title='bbox 1560 2492 1615 2542; x_wconf 74' lang='grc' dir='ltr'><strong><em>ἐν</em></strong></span> <span class='ocrx_word' id='word_1_184' title='bbox 1657 2494 1729 2560; x_wconf 72' lang='grc' dir='ltr'><strong><em>τῷ</em></strong></span> <span class='ocrx_word' id='word_1_185' title='bbox 1761 2489 1860 2559; x_wconf 79' lang='grc' dir='ltr'><strong><em>πρὸ</em></strong></span> 
     </span>
     <span class='ocr_line' id='line_1_27' title="bbox 133 2571 1859 2645; baseline 0.001 -19"><span class='ocrx_word' id='word_1_186' title='bbox 133 2573 289 2642; x_wconf 74' lang='grc' dir='ltr'><strong><em>αὐτῆς</em></strong></span> <span class='ocrx_word' id='word_1_187' title='bbox 324 2575 478 2643; x_wconf 82' lang='grc' dir='ltr'><strong><em>πεδίῳ</em></strong></span> <span class='ocrx_word' id='word_1_188' title='bbox 517 2571 572 2626; x_wconf 88' lang='grc' dir='ltr'><strong><em>τὸ</em></strong></span> <span class='ocrx_word' id='word_1_189' title='bbox 610 2579 701 2645; x_wconf 80' lang='grc' dir='ltr'><strong><em>τῆς</em></strong></span> <span class='ocrx_word' id='word_1_190' title='bbox 729 2574 953 2635; x_wconf 83' lang='grc' dir='ltr'><strong><em>Ἰτωνίας</em></strong></span> <span class='ocrx_word' id='word_1_191' title='bbox 979 2572 1207 2643; x_wconf 77' lang='grc' dir='ltr'><strong><em>Ἀθηνᾶς</em></strong></span> <span class='ocrx_word' id='word_1_192' title='bbox 1251 2575 1385 2645; x_wconf 80' lang='grc' dir='ltr'><strong><em>ἱερὸν</em></strong></span> <span class='ocrx_word' id='word_1_193' title='bbox 1420 2571 1684 2645; x_wconf 79' lang='grc' dir='ltr'><strong><em>ἱδρύσαντο</em></strong></span> <span class='ocrx_word' id='word_1_194' title='bbox 1723 2573 1859 2643; x_wconf 78' lang='grc' dir='ltr'><strong><em>δμώ-</em></strong></span> 
     </span>
     <span class='ocr_line' id='line_1_28' title="bbox 133 2658 1860 2731; baseline 0 -18"><span class='ocrx_word' id='word_1_195' title='bbox 133 2681 288 2726; x_wconf 84' lang='grc' dir='ltr'><strong><em>νυμον</em></strong></span> <span class='ocrx_word' id='word_1_196' title='bbox 327 2665 396 2728; x_wconf 73' lang='grc' dir='ltr'><strong><em>τῷ</em></strong></span> <span class='ocrx_word' id='word_1_197' title='bbox 439 2661 752 2729; x_wconf 70' lang='grc' dir='ltr'><strong><em>Θετταλικῷ,</em></strong></span> <span class='ocrx_word' id='word_1_198' title='bbox 817 2663 901 2714; x_wconf 80' lang='grc' dir='ltr'><strong><em>καὶ</em></strong></span> <span class='ocrx_word' id='word_1_199' title='bbox 940 2658 1026 2714; x_wconf 88' lang='grc' dir='ltr'><strong><em>τὸν</em></strong></span> <span class='ocrx_word' id='word_1_200' title='bbox 1064 2659 1414 2731; x_wconf 60' lang='grc' dir='ltr'><strong><em>παραρρέοντα</em></strong></span> <span class='ocrx_word' id='word_1_201' title='bbox 1449 2662 1676 2729; x_wconf 84' lang='grc' dir='ltr'><strong><em>ποταμὸν</em></strong></span> <span class='ocrx_word' id='word_1_202' title='bbox 1713 2667 1860 2714; x_wconf 89' lang='grc' dir='ltr'><strong><em>Κου-</em></strong></span> 
     </span>
     <span class='ocr_line' id='line_1_29' title="bbox 135 2743 1860 2819; baseline 0.001 -21"><span class='ocrx_word' id='word_1_203' title='bbox 135 2743 305 2817; x_wconf 81' lang='grc' dir='ltr'><strong><em>ράλιον</em></strong></span> <span class='ocrx_word' id='word_1_204' title='bbox 337 2745 739 2819; x_wconf 75' lang='grc' dir='ltr'><strong><em>προσηγόρευσαν</em></strong></span> <span class='ocrx_word' id='word_1_205' title='bbox 775 2745 1042 2815; x_wconf 80' lang='grc' dir='ltr'><strong><em>ὁμοφώνως</em></strong></span> <span class='ocrx_word' id='word_1_206' title='bbox 1079 2753 1147 2817; x_wconf 79' lang='grc' dir='ltr'>τῷ</span> <span class='ocrx_word' id='word_1_207' title='bbox 1183 2753 1301 2802; x_wconf 76' lang='grc' dir='ltr'><strong><em>ἐκεῖ.</em></strong></span> <span class='ocrx_word' id='word_1_208' title='bbox 1360 2747 1594 2810; x_wconf 86' lang='grc' dir='ltr'><strong><em>Ἀλκαῖος</em></strong></span> <span class='ocrx_word' id='word_1_209' title='bbox 1627 2747 1682 2800; x_wconf 82' lang='grc' dir='ltr'><strong><em>δὲ</em></strong></span> <span class='ocrx_word' id='word_1_210' title='bbox 1717 2747 1860 2808; x_wconf 81' lang='grc' dir='ltr'><strong><em>καλεῖ</em></strong></span> 
     </span>
     <span class='ocr_line' id='line_1_30' title="bbox 133 2832 1861 2905; baseline 0.001 -18"><span class='ocrx_word' id='word_1_211' title='bbox 133 2832 430 2904; x_wconf 80' lang='grc' dir='ltr'><strong><em>Κωράλιον,</em></strong></span> <span class='ocrx_word' id='word_1_212' title='bbox 464 2835 643 2905; x_wconf 67' lang='grc' dir='ltr'><strong><em>λέγων·</em></strong></span> <span class='ocrx_word' id='word_1_213' title='bbox 680 2833 794 2889; x_wconf 72' lang='grc' dir='ltr'><strong><em>ἅσσ’</em></strong></span> <span class='ocrx_word' id='word_1_214' title='bbox 818 2835 1018 2888; x_wconf 76' lang='grc' dir='ltr'><strong><em>Ἀθάνα</em></strong></span> <span class='ocrx_word' id='word_1_215' title='bbox 1051 2836 1209 2889; x_wconf 85' lang='grc' dir='ltr'><strong><em>ἇπολε</em></strong></span> <span class='ocrx_word' id='word_1_216' title='bbox 1236 2870 1403 2887; x_wconf 89' lang='grc'><strong>.....</strong></span> <span class='ocrx_word' id='word_1_217' title='bbox 1441 2834 1541 2887; x_wconf 81' lang='grc' dir='ltr'><strong><em>ἀπὸ</em></strong></span> <span class='ocrx_word' id='word_1_218' title='bbox 1572 2839 1861 2903; x_wconf 88' lang='grc' dir='ltr'><strong><em>Κορωνείας</em></strong></span> 
     </span>
     <span class='ocr_line' id='line_1_31' title="bbox 135 2920 1823 2993; baseline 0 -18"><span class='ocrx_word' id='word_1_219' title='bbox 135 2923 221 2976; x_wconf 75' lang='grc' dir='ltr'><strong><em>ἐπὶ</em></strong></span> <span class='ocrx_word' id='word_1_220' title='bbox 256 2923 342 2975; x_wconf 82' lang='grc' dir='ltr'><strong><em>δεῢ</em></strong></span> <span class='ocrx_word' id='word_1_221' title='bbox 369 2961 381 2972; x_wconf 93' lang='grc'><strong>.</strong></span> <span class='ocrx_word' id='word_1_222' title='bbox 411 2960 422 2971; x_wconf 91' lang='grc'><strong>.</strong></span> <span class='ocrx_word' id='word_1_223' title='bbox 450 2961 462 2973; x_wconf 96' lang='grc'><strong>.</strong></span> <span class='ocrx_word' id='word_1_224' title='bbox 499 2921 749 2991; x_wconf 70' lang='grc' dir='ltr'><strong><em>πάροιθεν</em></strong></span> <span class='ocrx_word' id='word_1_225' title='bbox 784 2922 912 2990; x_wconf 72' lang='grc' dir='ltr'><strong><em>ἀμφὶ</em></strong></span> <span class='ocrx_word' id='word_1_226' title='bbox 949 2922 1197 2992; x_wconf 81' lang='grc' dir='ltr'><strong><em>Κωραλίῳ</em></strong></span> <span class='ocrx_word' id='word_1_227' title='bbox 1236 2925 1446 2992; x_wconf 78' lang='grc' dir='ltr'><strong><em>ποταμῷ</em></strong></span> <span class='ocrx_word' id='word_1_228' title='bbox 1480 2921 1607 2992; x_wconf 82' lang='grc' dir='ltr'><strong><em>παρ’</em></strong></span> <span class='ocrx_word' id='word_1_229' title='bbox 1644 2920 1823 2993; x_wconf 79' lang='grc' dir='ltr'><strong><em>ὄχθας.</em></strong></span> 
     </span>
     <span class='ocr_line' id='line_1_32' title="bbox 274 3008 1856 3082; baseline 0.001 -22"><span class='ocrx_word' id='word_1_230' title='bbox 274 3008 462 3061; x_wconf 79' lang='lat' dir='ltr'><strong>Ursin.</strong></span> <span class='ocrx_word' id='word_1_231' title='bbox 501 3030 552 3082; x_wconf 88' lang='lat' dir='ltr'><strong><em>p.</em></strong></span> <span class='ocrx_word' id='word_1_232' title='bbox 589 3014 703 3061; x_wconf 78' lang='lat'><strong>104.</strong></span> <span class='ocrx_word' id='word_1_233' title='bbox 758 3009 962 3064; x_wconf 86' lang='lat' dir='ltr'><strong>Blomf.</strong></span> <span class='ocrx_word' id='word_1_234' title='bbox 1010 3030 1093 3062; x_wconf 77' lang='lat' dir='ltr'><strong><em>nr.</em></strong></span> <span class='ocrx_word' id='word_1_235' title='bbox 1128 3010 1286 3064; x_wconf 84' lang='lat' dir='ltr'><strong>XIII.</strong></span> <span class='ocrx_word' id='word_1_236' title='bbox 1338 3009 1564 3061; x_wconf 86' lang='lat' dir='ltr'><strong>Casaub.</strong></span> <span class='ocrx_word' id='word_1_237' title='bbox 1598 3009 1657 3062; x_wconf 85' lang='lat' dir='ltr'><strong><em>in</em></strong></span> <span class='ocrx_word' id='word_1_238' title='bbox 1693 3009 1856 3063; x_wconf 93' lang='lat' dir='ltr'><strong>MSS.</strong></span> 
     </span>
     <span class='ocr_line' id='line_1_33' title="bbox 139 3095 1857 3167; baseline -0.001 -19"><span class='ocrx_word' id='word_1_239' title='bbox 139 3115 248 3148; x_wconf 81' lang='lat' dir='ltr'><strong>esse</strong></span> <span class='ocrx_word' id='word_1_240' title='bbox 285 3097 413 3148; x_wconf 81' lang='lat' dir='ltr'><strong>dicit</strong></span> <span class='ocrx_word' id='word_1_241' title='bbox 453 3097 691 3166; x_wconf 82' lang='grc' dir='ltr'><strong><em>Κυραλίῳ</em></strong></span> <span class='ocrx_word' id='word_1_242' title='bbox 726 3102 936 3167; x_wconf 79' lang='grc' dir='ltr'><strong><em>ποταμῷ</em></strong></span> <span class='ocrx_word' id='word_1_243' title='bbox 974 3098 1237 3167; x_wconf 74' lang='grc' dir='ltr'><strong><em>ἱδρύσαντο</em></strong></span> <span class='ocrx_word' id='word_1_244' title='bbox 1274 3095 1397 3166; x_wconf 85' lang='grc' dir='ltr'><strong><em>παρ’</em></strong></span> <span class='ocrx_word' id='word_1_245' title='bbox 1440 3095 1650 3166; x_wconf 77' lang='grc' dir='ltr'><strong><em>ὄχθαις,</em></strong></span> <span class='ocrx_word' id='word_1_246' title='bbox 1711 3096 1857 3165; x_wconf 88' lang='lat' dir='ltr'>quod</span> 
     </span>
     <span class='ocr_line' id='line_1_34' title="bbox 136 3182 1858 3255; baseline 0 -22"><span class='ocrx_word' id='word_1_247' title='bbox 136 3182 198 3233; x_wconf 87' lang='lat' dir='ltr'><strong><em>in</em></strong></span> <span class='ocrx_word' id='word_1_248' title='bbox 233 3183 393 3234; x_wconf 91' lang='lat' dir='ltr'><strong>MSS.</strong></span> <span class='ocrx_word' id='word_1_249' title='bbox 432 3203 620 3236; x_wconf 80' lang='lat' dir='ltr'><strong>recens</strong></span> <span class='ocrx_word' id='word_1_250' title='bbox 658 3185 863 3237; x_wconf 83' lang='lat' dir='ltr'><strong>collatis</strong></span> <span class='ocrx_word' id='word_1_251' title='bbox 902 3205 1015 3237; x_wconf 92' lang='lat' dir='ltr'><strong><em>non</em></strong></span> <span class='ocrx_word' id='word_1_252' title='bbox 1047 3188 1257 3255; x_wconf 76' lang='lat' dir='ltr'><strong>legitur.</strong></span> <span class='ocrx_word' id='word_1_253' title='bbox 1329 3185 1578 3236; x_wconf 84' lang='lat' dir='ltr'><strong>Lacunas</strong></span> <span class='ocrx_word' id='word_1_254' title='bbox 1613 3202 1724 3236; x_wconf 88' lang='lat' dir='ltr'><strong><em>non</em></strong></span> <span class='ocrx_word' id='word_1_255' title='bbox 1758 3200 1858 3234; x_wconf 84' lang='lat' dir='ltr'><strong><em>ex-</em></strong></span> 
     </span>
     <span class='ocr_line' id='line_1_35' title="bbox 133 3268 1854 3343; baseline 0 -23"><span class='ocrx_word' id='word_1_256' title='bbox 133 3268 289 3341; x_wconf 81' lang='lat' dir='ltr'><strong>plent</strong></span> <span class='ocrx_word' id='word_1_257' title='bbox 333 3269 503 3322; x_wconf 84' lang='lat' dir='ltr'><strong>Codd.</strong></span> <span class='ocrx_word' id='word_1_258' title='bbox 552 3272 730 3324; x_wconf 81' lang='lat' dir='ltr'>adhuc</span> <span class='ocrx_word' id='word_1_259' title='bbox 778 3271 987 3336; x_wconf 85' lang='lat' dir='ltr'>collati,</span> <span class='ocrx_word' id='word_1_260' title='bbox 1044 3273 1147 3324; x_wconf 88' lang='lat' dir='ltr'><strong>nisi</strong></span> <span class='ocrx_word' id='word_1_261' title='bbox 1196 3271 1342 3341; x_wconf 89' lang='lat' dir='ltr'><strong>quod</strong></span> <span class='ocrx_word' id='word_1_262' title='bbox 1388 3288 1492 3343; x_wconf 84' lang='lat' dir='ltr'><strong><em>pro</em></strong></span> <span class='ocrx_word' id='word_1_263' title='bbox 1540 3272 1629 3323; x_wconf 80' lang='grc' dir='ltr'><strong><em>ἐπὶ</em></strong></span> <span class='ocrx_word' id='word_1_264' title='bbox 1665 3270 1756 3321; x_wconf 63' lang='grc' dir='ltr'><strong><em>δεῖ]</em></strong></span> <span class='ocrx_word' id='word_1_265' title='bbox 1784 3306 1798 3320; x_wconf 94' lang='grc'><strong>.</strong></span> <span class='ocrx_word' id='word_1_266' title='bbox 1837 3304 1854 3320; x_wconf 91' lang='grc'><strong>.</strong></span> 
     </span>
     <span class='ocr_line' id='line_1_36' title="bbox 134 3354 1854 3429; baseline -0.003 -18"><span class='ocrx_word' id='word_1_267' title='bbox 134 3354 310 3408; x_wconf 77' lang='lat' dir='ltr'><strong>Paris·</strong></span> <span class='ocrx_word' id='word_1_268' title='bbox 341 3373 425 3406; x_wconf 87' lang='lat' dir='ltr'><strong><em>nr·</em></strong></span> <span class='ocrx_word' id='word_1_269' title='bbox 461 3359 610 3429; x_wconf 79' lang='lat'><strong>1597.</strong></span> <span class='ocrx_word' id='word_1_270' title='bbox 646 3359 859 3414; x_wconf 80' lang='grc' dir='ltr'><strong><em>ε’πιδεων</em></strong></span> <span class='ocrx_word' id='word_1_271' title='bbox 889 3379 1026 3423; x_wconf 87' lang='grc' dir='ltr'><strong><em>αυω,</em></strong></span> <span class='ocrx_word' id='word_1_272' title='bbox 1073 3358 1323 3412; x_wconf 82' lang='lat' dir='ltr'><strong><em>Moscov.</em></strong></span> <span class='ocrx_word' id='word_1_273' title='bbox 1360 3358 1549 3413; x_wconf 86' lang='lat' dir='ltr'><strong>Escur.</strong></span> <span class='ocrx_word' id='word_1_274' title='bbox 1587 3356 1769 3410; x_wconf 73' lang='lat' dir='ltr'><strong>Vatic.</strong></span> <span class='ocrx_word' id='word_1_275' title='bbox 1810 3373 1854 3409; x_wconf 81' lang='grc'><strong><em>1.</em></strong></span> 
     </span>
    </p>
   </div>
   <div class='ocr_carea' id='block_1_10' title="bbox 1257 3444 1314 3496">
    <p class='ocr_par' dir='ltr' id='par_1_13' title="bbox 1257 3444 1314 3496">
     <span class='ocr_line' id='line_1_37' title="bbox 1257 3444 1314 3496; baseline 0 0"><span class='ocrx_word' id='word_1_276' title='bbox 1257 3444 1314 3496; x_wconf 84' lang='lat' dir='ltr'>D</span> 
     </span>
    </p>
   </div>
  </div>
 </body>
</html>
