2293 3650
1157 249 1240 310 30

330 417 387 473 δὲ
432 414 518 469 καὶ
551 407 826 476 σκόλυμος,
882 407 973 459 νῦν
1021 403 1078 458 δὲ
1124 397 1435 473 μιαρώταται
1477 410 1729 473 γυναῖκες,
1787 402 1965 458 λεπτοὶ
2000 401 2058 457 δέ

331 527 411 559 τοι
444 503 629 571 ἄνδρες.
667 514 805 566 quae
851 490 1141 546 manifesto
1195 491 1264 543 ad
1302 491 1536 544 Hesiodi
1573 493 1672 562 ἴργ.
1718 491 1837 554 582.
1875 490 2058 543 imita-

329 594 536 646 tionem
584 601 841 657 expressa
889 590 1046 633 sunt:
1109 574 1237 646 ἦμος
1285 576 1339 629 δὲ
1385 574 1633 644 σκόλυμός
1680 577 1729 629 τ’
1771 578 1927 630 ἀνθεῖ
1972 577 2058 629 καὶ

328 678 485 747 ἠχέτα
514 676 676 735 τέττιξ
705 666 910 722 Πυκνόν
935 664 1036 720 ὑπὸ
1064 661 1337 735 πτερύγων,
1374 666 1558 733 θέρεος
1587 660 1904 730 καματώδεος
1934 661 2056 732 ὥρῃ,

336 769 510 832 Τῆμος
546 757 784 814 πιόταταί
817 755 870 807 τ’
900 755 1032 823 αἶγες
1068 754 1152 806 καὶ
1189 753 1318 814 οἶνος
1355 749 1584 820 ἄριστος,
1635 751 1967 821 Μαχλόταται
2003 751 2059 803 δὲ

329 860 578 924 γυναῖκες,
616 840 956 915 ἀφαυρότατοι
987 841 1044 895 δέ
1081 862 1135 894 τε
1169 839 1339 908 ἄνδρες
1376 844 1538 902 Εἰσὶν,
1574 840 1687 892 ἐπεὶ
1724 837 1942 905 κεφαλὴν
1977 841 2061 893 καὶ

329 937 547 1012 γούνατα
586 939 780 1004 Σείριος
814 930 930 994 ἄζει.
1026 929 1092 981 In
1140 926 1211 980 fr.
1260 927 1454 982 Alcaei
1493 926 1564 979 D.
1603 927 1797 979 Heins.
1834 927 1902 978 ad
1941 928 2062 978 He-

330 1028 467 1081 siod.
505 1044 609 1076 em.
646 1021 753 1090 ἆχεῖ
791 1017 840 1071 δ’
869 1020 925 1070 ἐκ
960 1013 1187 1068 πετάλων
1223 1014 1374 1084 ἆχέτα
1409 1014 1603 1075 τέττιξ,
1642 1015 1837 1066 melius
1880 1013 2064 1065 Grae-

330 1115 450 1168 vius
487 1112 608 1163 lect.
645 1106 877 1161 Hesiod.
928 1123 972 1157 e.
1010 1103 1172 1155 XIII.
1217 1100 1266 1153 ἆ.
1313 1100 1367 1154 δ’
1399 1103 1455 1153 ἐκ
1497 1122 1554 1154 π.
1602 1098 1726 1154 ἆδέα
1773 1099 1835 1154 ἂν
1880 1100 2065 1166 τέττιξ,

331 1201 436 1255 nisi
475 1198 619 1268 quod
657 1193 718 1248 ἄν
755 1204 808 1247 et
855 1191 1041 1245 sensui
1091 1199 1144 1242 et
1187 1198 1367 1242 metro
1407 1198 1581 1242 nocet.
1665 1189 1885 1242 Heinsii
1923 1189 2062 1240 coni.

331 1287 540 1359 recepit
577 1282 780 1338 Blomf.
845 1281 977 1350 qui,
1032 1298 1170 1349 quae
1213 1277 1282 1329 ad
1335 1296 1524 1330 versus
1560 1276 1927 1345 integritatem
1965 1275 2067 1327 de-

331 1385 485 1438 sunt,
538 1373 721 1443 explet
755 1363 1076 1423 verbiss‘mb
1113 1367 1208 1417 τῶν
1241 1369 1467 1432 πτερῶν,
1525 1365 1586 1418 in
1633 1364 1825 1434 quibus
1863 1363 2069 1415 articu-

331 1465 416 1517 lus
470 1481 501 1514 a
550 1460 841 1532 poetarum
890 1452 1283 1507 consuetudine
1333 1453 1541 1505 alienus
1591 1461 1686 1505 est.
1808 1451 1964 1502 Idem
2007 1450 2068 1503 in

331 1569 447 1621 sqq.
486 1547 683 1599 deditz·
714 1544 871 1596 ἀνθεῖ
918 1542 1002 1594 καὶ
1051 1562 1127 1593 σκ.
1180 1543 1270 1591 νῦν
1317 1538 1372 1592 δὲ
1409 1561 1512 1608 γυν.
1562 1561 1695 1607 μιαρ.
1742 1538 1836 1590 sed
1874 1537 2067 1589 ultima

332 1637 509 1690 λεπτοὶ
547 1634 604 1687 δέ
654 1653 730 1685 τοι
777 1629 950 1696 ἄνδρες
983 1627 1243 1697 neglexit.
1331 1627 1543 1678 Totum
1584 1624 1957 1694 fragmentum
1994 1623 2070 1675 ita

332 1723 684 1778 scribendum
725 1720 775 1771 ei
812 1718 1064 1770 videtur:

481 1822 636 1889 Τέγγε
669 1813 923 1883 πνεύμονα
959 1816 1101 1882 οἴνῳ·
1139 1811 1195 1865 τὸ
1235 1810 1324 1880 γὰρ
1361 1810 1542 1880 ἄστρον
1579 1808 1944 1879 περιτέλλεται,

473 1906 506 1960 ἆ
544 1907 593 1958 δ’
624 1901 730 1971 ὥρα
765 1898 982 1972 χαλεπὰ,
1018 1895 1182 1952 πάντα
1220 1899 1275 1952 δὲ
1312 1899 1492 1968 διψᾶσ’
1521 1895 1622 1951 ὗπᾶ
1661 1895 1941 1966 καύματος·

475 1993 582 2064 ἆχεῖ
619 1992 668 2045 δ’
702 1992 757 2042 ἐκ
794 1985 1023 2041 πετάλων
1056 1984 1179 2039 ἆδέα
1217 1988 1379 2048 τέττιξ
1451 2015 1521 2026 -
1595 2016 1662 2026 ——
1734 2014 1805 2024 -—

474 2082 630 2134 ἀνθεῖ
667 2079 748 2131 καὶ
785 2072 1056 2141 σκόλυμος,
1093 2077 1182 2126 νῦν
1215 2073 1271 2127 δὲ
1309 2082 1536 2143 γυναῖκες
1575 2068 1900 2145 μιαρώταται,

477 2173 566 2222 νῦν
603 2166 778 2220 λεπτοὶ
813 2163 867 2217 δὲ
903 2163 984 2216 τοὶ
1019 2159 1193 2232 ἄνδρες
1266 2190 1333 2201 -
1406 2190 1474 2201 -
1545 2189 1614 2200 —
1685 2191 1755 2202 —

442 2323 727 2379 XXVIII.
767 2322 818 2374 b.
853 2318 1038 2389 Pergit
1074 2316 1280 2371 Athen.
1319 2315 1412 2369 lib.
1449 2315 1527 2368 X.
1565 2318 1656 2368 τοῦ
1694 2313 1749 2368 δὲ
1783 2313 1950 2385 ἔαρος·

611 2403 731 2480 ἦρος
767 2402 1105 2474 ἀνθεμόεντος
1141 2399 1316 2457 ἐπάϊον
1355 2403 1655 2473 ἐρχομένοιο.

338 2499 422 2553 καὶ
464 2492 737 2568 προελθών
762 2514 774 2525 ·

625 2587 680 2638 ἐν
717 2583 773 2638 δὲ
808 2587 1005 2654 κίρνατε
1042 2583 1111 2634 τῶ
1144 2578 1403 2650 μελιαδέος
1441 2574 1551 2634 ὅττι
1590 2573 1794 2650 τάχιστα

627 2676 849 2744 κρατῆρα
920 2701 991 2712 —-
1064 2699 1132 2709 -
1206 2699 1275 2709 —

480 2762 671 2816 Ursin.
697 2781 748 2833 p.
780 2777 896 2813 100.
957 2757 1162 2812 Blomf.
1196 2778 1277 2810 nr.
1303 2757 1504 2811 XXX.
1581 2755 1644 2808 In
1674 2755 1859 2829 primo
1888 2772 1941 2807 v.
1979 2772 2074 2806 re-

344 2857 426 2901 cte
455 2848 630 2901 ἒπάϊον
655 2857 836 2901 tuetur
864 2846 1089 2899 Casaub.
1117 2851 1258 2895 sensi
1289 2848 1563 2895 advenisse
1588 2865 1693 2896 ver.
1766 2840 2071 2910 Schweigh.

343 2935 548 3006 recepit
585 2934 866 2988 infelicem
903 2932 1255 2988 Grotefendii
1293 2932 1663 2986 coniecturam
1710 2927 1798 2983 ἐπ’
1850 2925 1982 2981 ἆϊόν’
2026 2928 2069 2978 ἒ.

344 3022 499 3091 quasi
538 3040 634 3074 ver
672 3023 739 3075 ad
778 3023 929 3076 littus
959 3031 1191 3086 tantum,
1228 3039 1341 3072 non
1377 3020 1510 3072 item
1538 3019 1607 3070 ad
1647 3018 2072 3070 mediterraneas

343 3117 525 3180 partes
563 3111 859 3163 accederet.
933 3110 1084 3162 Tum
1122 3108 1400 3178 legebatur
1430 3107 1490 3160 in
1526 3105 1700 3159 Ven.:
1748 3107 1802 3158 ἐν
1840 3103 1895 3156 δὲ
1929 3105 2072 3173 κίρνα

344 3193 434 3249 τὸν
480 3200 550 3266 τῷ
597 3197 892 3264 μελιαδέος,
966 3197 1130 3250 Basil.
1179 3197 1298 3248 Cas.
1344 3213 1388 3249 1.
1439 3196 1494 3247 ἒν
1542 3192 1598 3246 δὲ
1649 3197 1798 3261 κίρνῳ
1851 3191 1937 3244 τὸν
1984 3194 2074 3260 τῷ.

347 3284 468 3336 Cas.
494 3300 541 3336 2.
579 3294 632 3337 et
667 3286 714 3338 3.
750 3287 803 3336 ἐν
839 3283 891 3337 δὲ
928 3287 1073 3354 κίρνῳ
1109 3280 1196 3337 τὸν
1232 3286 1339 3336 τοῦ.
1411 3282 1479 3334 In
1517 3281 1638 3335 MS.
1675 3280 1821 3351 Epit.
1860 3287 1940 3331 est
1964 3293 2076 3346 xeo-¹

347 3377 518 3438 νᾶται,
553 3372 613 3426 in
650 3371 770 3426 MS.
806 3371 881 3427 A.
913 3375 1125 3441 κιρνᾶτε,
1166 3372 1313 3442 quod
1348 3368 1559 3442 recepit
1590 3366 1900 3440 Schweigh.
1938 3385 2072 3420 con-
