2293 3650
1160 247 1246 310 20

337 401 602 478 ὄχᾶνου,
634 403 720 459 καὶ
747 399 996 464 Ἀλκαῖος,
1030 394 1238 468 λόφον
1271 402 1457 465 σείων
1492 396 1802 475 Καρικόν.
1871 397 2070 455 Verba
2126 471 2131 475 .

337 492 497 562 λόφον
543 515 597 549 τε
642 494 789 545 σείων
832 482 1065 557 Καρικὸν
1118 485 1340 540 initium
1390 486 1599 543 faciunt
1616 489 1909 562 «strophae
1955 487 2068 542 Al-

338 582 545 647 caicae‚
591 577 794 632 omisso
830 575 1026 630 ultimo
1066 574 1281 646 dactylo
1319 575 1409 628 vel
1445 578 1663 632 cretico,
1735 577 1974 630 Ursinus
2009 594 2064 648 p.

337 668 457 724 515.
497 667 623 719 citat
667 665 881 720 Herod.
913 662 970 726 I·,
1016 682 1133 734 171.
1185 664 1269 717 καὶ
1314 660 1404 732 γὰρ
1440 665 1528 719 ἐπὶ
1563 662 1625 717 τὰ
1661 659 1842 736 κράνεα
1875 660 2067 735 λόφους

339 753 644 811 ἐπιδέεσθαι
677 754 846 825 Κᾶρές
879 755 976 807 εἶσι
1011 754 1061 806 oz
1100 749 1473 814 καταδέξαντες.

481 926 588 981 ΧΙ.
623 925 898 982 Aristides
931 926 1099 980 Tom.
1129 924 1202 978 ΙΙ.
1236 944 1290 998 p.
1325 941 1444 989 207.
1494 925 1579 979 cd.
1627 925 1778 980 Iebb.
1826 919 1975 995 μόνος
2015 923 2071 980 δέ

341 1034 428 1084 μοι
461 1013 601 1068 δοκεῖ
636 1011 842 1067 πάντων
871 1008 1164 1083 ἀνθρώπων
1210 1011 1242 1081 ἢ
1284 1013 1466 1082 κομιδῇ
1502 1034 1554 1083 γε
1591 1015 1646 1066 ἐν
1695 1014 1880 1084 ὀλίγοις
1916 1012 2078 1077 δεῖξαι

347 1099 690 1171 Θεμιστοκλῆς
726 1099 909 1171 ἇληθῆ
941 1097 1031 1154 τὸν
1064 1096 1214 1169 λόγον
1249 1097 1401 1164 ὄντα,
1447 1097 1505 1154 ὃν
1538 1098 1697 1154 πάλαι
1729 1102 1820 1169 μὲν
1845 1100 2081 1162 Ἀλκαῖος

339 1186 366 1244 ὅ
404 1186 625 1259 ποιητὴς
652 1188 821 1251 εἶπεν,
869 1185 1078 1258 ὕστερον
1116 1186 1170 1240 δὲ
1208 1189 1257 1240 οἱ
1293 1187 1476 1241 πολλοὶ
1510 1187 1888 1260 παραλαβόντες
1924 1185 2078 1259 ἐχρή-

339 1296 520 1343 σαντο,
557 1274 626 1340 ὥς
663 1276 734 1330 οὗ
772 1274 966 1329 λίθοι
1005 1273 1156 1328 οὐδὲ
1204 1269 1395 1339 ξύλα,
1444 1274 1593 1329 οὗδὲ
1627 1279 1821 1347 τέχνη
1859 1273 2090 1330 ‘teutd-v

340 1383 466 1418 νων
513 1368 581 1417 αἱ
636 1359 867 1426 πόλεις
913 1361 1122 1428 εἰσὶν,
1193 1359 1333 1412 ἀλλ’
1377 1359 1544 1416 ὅπου
1605 1363 1752 1419 ποτ’
1806 1363 1878 1418 ἂν
1926 1358 2080 1418 ὦσιν

338 1448 599 1522 ἄνδρες,
644 1447 887 1514 αὖτοὺς
935 1447 1161 1514 σώζειν
1206 1445 1491 1516 εἰδότες,
1547 1452 1854 1504 ἐνταῦθα
1894 1454 2080 1521 τείχη

343 1538 451 1592 καὶ
503 1535 760 1599 πόλεις.

428 1673 431 1677 .
484 1624 690 1678 Omisit
712 1619 916 1676 Blomf.
974 1621 1189 1675 Eodem
1227 1621 1471 1693 respexit
1496 1621 1671 1676 Arist.
1711 1625 1780 1677 T.
1806 1625 1848 1676 I.
1879 1643 1932 1694 p.
1955 1623 2081 1679 555.

343 1709 412 1766 δι’
452 1710 485 1764 ἃ
521 1708 688 1764 πάντα
723 1707 815 1779 χρὴ
853 1709 936 1762 καὶ
989 1705 1044 1761 τὸ
1084 1711 1400 1778 συμβεβηκὸς
1436 1713 1652 1780 ἐνεγκεῖν
1688 1710 1754 1773 ὥς
1801 1708 2080 1782 πρᾳότατα,

340 1801 426 1852 καὶ
460 1802 562 1852 τῶν
597 1797 841 1866 δευτέρων
877 1793 1170 1864 ἒᾷῥωμένως
1199 1795 1527 1866 ἀντέχεσθαι,
1573 1798 1773 1852 καὶτὸν
1808 1796 1957 1868 λόγον
1989 1803 2083 1868 βε-

345 1890 588 1956 βαιῶσαι,
637 1881 718 1937 ὅτι
755 1881 867 1935 οὐκ
905 1883 1113 1934 οἰκίαι
1155 1885 1359 1944 καλῶς
1398 1886 1888 1954 ἐστεγασμέναι,
1929 1886 2081 1940 οὐδὲ

345 1971 539 2026 λίθοι
588 1973 817 2041 τειχῶν
869 1965 936 2022 εὗ
998 1968 1485 2039 δεδομημένοι,
1551 1972 1702 2026 οὐδὲ
1754 1978 2080 2028 στενωποί

344 2081 411 2114 τε
458 2059 565 2112 καὶ
623 2054 858 2127 νεώρια
915 2053 949 2127 ἡ
1003 2054 1239 2121 πόλις,
1311 2056 1468 2110 ἀλλ’
1514 2055 1743 2128 ἄνδρες
1788 2065 2083 2132 χρῆσθαι

346 2156 491 2209 τοῖς
538 2144 641 2198 aaz
697 2149 980 2215 παροῦσι
1029 2140 1399 2212 δυνάμενοι.
1500 2145 1583 2198 Cf.
1625 2148 1779 2216 Pla-to
1817 2150 1999 2202 Alcib.
2035 2152 2081 2204 I.

345 2252 401 2306 p.
431 2232 547 2287 154.
575 2232 638 2284 Β.
674 2232 768 2302 (T.
794 2231 869 2286 V.
895 2252 947 2304 p.
976 2232 1061 2301 67.
1089 2232 1242 2304 Bip.)
1277 2231 1368 2284 οὗκ
1403 2229 1499 2301 ἄρα
1535 2240 1736 2304 τειχῶν,
1776 2235 1895 2290 οὐδὲ
1933 2234 2082 2307 τριή-

346 2340 460 2390 ρων,
499 2318 617 2372 οὐδὲ
652 2322 862 2387 νεωρίων
898 2319 1098 2372 δέονται
1136 2324 1190 2372 αῖ
1222 2315 1413 2381 πόλεις,
1449 2313 1488 2371 ὦ
1517 2318 1840 2392 Ἀλκιβιάδη,
1875 2326 1920 2376 εἰ
1955 2328 2083 2392 μέλ-

346 2405 518 2459 λουσιν
554 2401 960 2473 εὐδαιμονήσειν,
1011 2406 1131 2458 οὐδὲ
1169 2402 1438 2475 πλήθους,
1478 2406 1595 2460 οὐδὲ
1631 2412 1911 2478 μεγέθους,
1960 2408 2079 2464 ἄνευ

344 2491 545 2563 ἀρετῆς.
636 2492 682 2543 Ε
727 2491 904 2564 priori
949 2489 1214 2546 Aristidis
1271 2494 1393 2546 loco
1447 2495 1617 2547 verba
1675 2496 1899 2559 ultima,
1952 2493 2083 2552 ὅπου

351 2579 472 2634 ποτ’
505 2576 566 2630 ἂν
604 2569 723 2632 ὦσιν
759 2600 803 2630 κ.
841 2602 887 2631 τ.
920 2577 966 2630 λ.
1008 2598 1077 2632 ex
1115 2581 1287 2660 algero
1327 2581 1513 2653 priora
1549 2582 1641 2634 οὐκ
1680 2587 1832 2635 οἰκίαι
1857 2614 1923 2623 -
1955 2580 2083 2637 νεώ-

350 2688 432 2739 ρια
478 2665 547 2718 ad
584 2675 777 2738 poetae
821 2666 1134 2723 orationem
1180 2670 1439 2741 proxime
1485 2669 1741 2723 accedere
1790 2670 2081 2735 videntum

351 2753 444 2806 sed
497 2772 697 2824 quum,
752 2754 948 2807 collato
1004 2767 1239 2826 utroque
1298 2758 1448 2822 Ιοοο,
1501 2768 1707 2829 pateat,
1756 2754 2081 2812 sententiar'n

349 2849 567 2893 tantum
612 2840 808 2894 Alcaei
855 2846 1213 2915 expressisse,
1274 2865 1389 2899 non
1435 2846 1606 2899 verba
1661 2848 1778 2919 ipsa
1837 2865 2082 2903 servasse

351 2925 686 2992 Aristidem,
747 2929 866 3000 quis
903 2948 1134 2984 manum
1182 2943 1379 3005 poetae
1416 2933 1632 2987 restitui
1678 2953 1839 3009 posse
1885 2933 2080 3006 putet?

355 3012 603 3068 Similem
635 3017 959 3071 sententiam
995 3019 1160 3073 habet

495 3188 631 3243 XII.
694 3189 876 3244 Schol.
923 3191 1126 3247 Aesch.
1173 3191 1326 3248 Pers,
1376 3194 1496 3266 547.
1567 3195 1599 3249 ἆ
1624 3217 1651 3250 ν
1675 3195 1706 3250 δ
1728 3217 1757 3268 ρ
1781 3200 1821 3250 ὦ
1848 3217 1876 3250 ν
1945 3219 1975 3267 y
1994 3194 2026 3250 ὰ
2050 3219 2081 3269 ρ

357 3272 648 3343 ὄντων,
722 3279 958 3348 ἕρκος
1030 3282 1270 3335 ἐστὶν
1337 3279 1720 3355 ἀσφαλής.
1817 3282 2080 3347 Ἀλκαῖος·-

357 3357 529 3435 ἷίνδρες
561 3364 649 3438 γάρ
686 3360 881 3428 πόλεως
919 3364 1108 3438 πύργος
1141 3365 1330 3442 ἀρήϊος.
