2293 3650
953 177 1032 240 59

276 328 475 385 Blomf.
512 349 598 383 nr.
624 329 830 382 LXIX.
885 332 1021 385 cod.
1059 339 1221 403 ἵοτητι
1248 333 1376 401 ὔμμε
1401 331 1446 386 λ.
1472 328 1663 400 ὅφυτον
1695 329 1856 399 θήσει

135 420 294 488 γέρας.
373 417 450 471 Ul
497 418 729 471 Bek'ker.
777 418 951 484 dedit,
1007 428 1086 470 est
1129 428 1366 472 metrum
1405 419 1853 480 choriambicum,

138 514 192 558 et
235 522 453 557 carmen
507 505 573 557 ad
623 503 685 557 τὰ
725 504 1151 574 διχοστασιαστικά
1203 505 1557 559 referendum
1612 508 1853 560 videtur:

135 592 299 640 honor
331 597 467 642 enim
497 596 581 642 ille
611 596 854 655 deorum,
902 597 994 660 qui
1016 604 1248 642 vestram
1273 597 1493 658 tutelam
1514 600 1694 644 sortiti
1716 609 1854 656 sunt,

133 679 403 727 voluntate
435 684 785 747 ‘incorruptus
823 680 1082 744 florebit,
1149 677 1194 730 si
1244 697 1304 729 re
1353 678 1570 732 fortiter
1617 683 1855 753 gerenda

135 770 433 831 tyrannum
468 764 803 837 expuleri'tiS.
860 763 965 816 Sed
992 765 1133 817 Bast.
1161 764 1227 817 ad
1257 765 1427 835 Greg.
1470 785 1520 837 p.
1549 768 1667 819 224.
1698 779 1810 821 not.
1831 773 1856 799 *

132 867 235 920 pro
270 847 462 915 ἄφυτον
497 853 637 902 coni.
673 850 924 918 ἄφυκτον,
972 861 1025 903 et
1063 855 1219 920 Θησεῖ
1253 871 1356 924 pro
1393 851 1578 920 θήσει,
1625 854 1855 908 addens:

134 937 226 988 sed
264 937 403 989 nihil
441 939 708 1001 extund0‚
757 939 903 1009 quod
940 939 1243 991 satisfaciat.

268 1107 509 1163 LXXX.
561 1110 712 1164 Idem
746 1132 798 1184 p.
830 1112 948 1166 583.
977 1114 1040 1165 Β.
1081 1135 1195 1180 σφε
1224 1146 1294 1154 —-
1319 1142 1385 1154 -
1422 1110 1588 1183 ἄσφε
1622 1115 1856 1179 Αἰολεῖς·

414 1194 494 1251 ὅτ’
535 1196 659 1265 ἄσφ’
701 1198 1078 1268 ἀπολλυμένους
1114 1197 1259 1262 σάως,

122 1281 355 1346 Ἀλκαῖος
393 1285 622 1356 δευτέρῳ.

270 1371 474 1424 Blomf.
524 1394 576 1445 p.
617 1373 800 1426 LXX..
860 1374 1005 1426 Bast.
1045 1373 1110 1424 ad
1148 1373 1386 1440 Gregor.
1426 1393 1478 1445 p.
1518 1373 1636 1425 254.
1673 1367 1863 1425 σάωσειν

131 1459 399 1514 emendat.
471 1458 624 1512 Idem
651 1461 739 1512 vel
765 1455 931 1513 σάωσα
957 1461 1134 1531 placet
1160 1460 1412 1512 Bekkero
1447 1480 1497 1530 p.
1525 1460 1648 1513 463.
1695 1459 1859 1511 Frie-

132 1543 405 1596 demanno
446 1546 512 1596 de
556 1546 698 1597 med.
742 1548 865 1615 syll.
907 1556 1052 1617 pent.
1094 1565 1148 1616 p.
1184 1549 1304 1600 553.
1355 1547 1492 1599 nihil
1534 1546 1859 1598 mutandum

131 1630 381 1695 videtm,
439 1632 683 1684 laudanti
721 1633 896 1685 Maitt.
940 1633 1005 1684 de
1045 1631 1170 1685 dial.
1209 1652 1264 1704 p.
1292 1631 1413 1684 422.
1456 1633 1538 1684 ed.
1580 1633 1758 1683 Stura
1808 1643 1861 1685 et

131 1718 292 1770 metii
333 1718 543 1770 Alcaici
580 1720 808 1790 propiie
847 1719 922 1770 sic
961 1718 1090 1771 dicti
1129 1738 1274 1783 esse,
1322 1719 1466 1789 quod
1509 1719 1817 1823 equidem
1800 1740 1858 1772 1n

129 1803 309 1856 verbis
346 1804 452 1856 illis
491 1822 787 1873 agnoscele
823 1822 935 1856 non
972 1822 1216 1875 possum.

272 1975 541 2027 LXXXI.
602 1974 755 2028 Idem
792 1995 846 2048 p.
879 1975 998 2047 595.
1036 1974 1109 2028 A.
1152 1976 1322 2041 (Exc.
1361 1996 1416 2047 p.
1455 1977 1609 2041 565.)
1649 1976 1683 2047 ἧ
1720 1976 1864 2043 τεὸς

131 2061 328 2131 ’Δωρικὴ
359 2065 422 2130 τῇ
452 2062 537 2124 σὸς
563 2060 824 2130 ὅμωνυμεῖ.
873 2066 953 2114 καὶ
981 2065 1156 2122 κοινῶς
1191 2065 1282 2129 μέν
1317 2060 1419 2115 πού
1456 2086 1607 2131 φησιν
1644 2063 1670 2117 ὃ
1706 2088 1863 2136 ποιη-

133 2149 252 2219 τὴς,
300 2148 408 2210 σὸς
446 2149 514 2202 δέ
552 2171 677 2202 που
721 2152 965 2219 ἔκφυγε
1002 2153 1208 2218 κῆρας
1242 2148 1582 2215 ἀδελφεός,
1633 2157 1864 2219 Δωρικῶς

133 2237 187 2291 δὲ
225 2235 279 2289 τὸ
321 2235 530 2306 πατὴρ
567 2232 739 2300 τεός,
781 2268 843 2276 --
884 2265 952 2275 -
1001 2226 1083 2288 ἰαὶ
1118 2235 1241 2307 παρ’
1284 2236 1582 2290 Αἰολεῦσιν·
1632 2237 1862 2304 Ἀλκαῖος

134 2327 189 2380 ἓν
225 2320 431 2396 πρώτῳ·

417 2407 476 2464 τὸ
513 2409 562 2464 δ’
604 2411 744 2481 ἔργον
779 2405 1000 2480 ἇγήσατο
1040 2406 1126 2463 τεὰ
1164 2406 1314 2480 κόρα·

135 2498 249 2564 καὶ,

423 2585 543 2652 οἴκῳ
579 2605 634 2636 τε
661 2603 760 2651 Δπερ
799 2586 869 2652 σῷ
909 2587 1088 2653 καίπερ
1125 2582 1341 2652 ἆτιμίαις

138 2670 165 2727 ὅ
201 2669 354 2732 αὐτὸς
390 2675 535 2738 κοινῷ
572 2670 701 2722 ἔθει.

277 2757 480 2811 Blomf.
519 2777 603 2809 nr.
636 2756 710 2807 X.
750 2756 848 2808 XI.
920 2756 984 2810 In
1024 2759 1157 2811 Cod.
1198 2759 1477 2828 legebatur
1506 2757 1734 2821 Ἀλκαῖος
1764 2764 1865 2825 ἕνα,

139 2846 282 2916 quod
334 2845 441 2897 iam
493 2845 732 2897 correxit
781 2846 961 2916 Toup.
1012 2845 1273 2918 Append.
1325 2846 1389 2897 ad
1438 2846 1675 2900 Theocr.
1718 2867 1768 2920 p.
1811 2849 1860 2899 5,

141 2934 228 3006 (p.
258 2933 378 3001 437.
420 2932 500 2984 ed.
536 2933 778 2997 Heind.)
833 2942 884 2984 et
924 2952 1101 3004 nuper
1139 2934 1281 2984 Bast.
1322 2933 1388 2984 ad
1433 2933 1615 3004 Greg.'
1651 2954 1702 3006 p.
1741 2935 1860 2987 616.

140 3018 251 3072 Pro
283 3016 504 3088 ἆγήσατο
554 3019 738 3090 Toup.
773 3017 992 3086 ἆγάσατο
1033 3019 1097 3070 ab
1130 3016 1368 3088 ἆγάομαι,
1424 3021 1697 3092 adscripto
1743 3022 1864 3073 loco

147 3104 383 3173 Oppian.
419 3105 658 3159 Halieut.
690 3104 766 3167 Π,
804 3107 924 3160 628.
965 3105 1209 3173 δελφίνων
1244 3106 1440 3160 κάκεῖνο
1474 3111 1745 3176 πανέξοχον
1782 3109 1866 3173 ἔρ·

145 3211 231 3259 γον
266 3189 456 3245 ἀκούων
487 3189 763 3262 ἠγασάμην.
839 3195 1046 3247 Censor
1080 3193 1369 3247 Maittairii
1396 3196 1573 3248 Sturz.
1604 3195 1662 3245 in
1693 3192 1865 3263 ephe-

148 3277 342 3330 merid.
392 3276 504 3333 len.
565 3280 809 3349 priorem
859 3298 1079 3334 versum
1124 3280 1203 3334 sic
1247 3281 1494 3353 refingit,
1564 3289 1623 3333 ut
1673 3280 1865 3334 existat
