2293 3650
1016 246 1093 306 31

198 411 283 453 tra
319 408 591 462 metrum3
655 398 1006 452 scribendum
1045 407 1163 452 erat
1195 399 1393 469 κίρνατε
1429 420 1460 453 a
1494 403 1721 471 κίρνημι,
1774 407 1920 461 unde

196 505 362 557 supra
395 481 563 553 κιρνάς
597 505 639 539 s.
677 489 879 555 κίρναις.
924 497 984 540 ut
1019 486 1130 539 iam
1166 488 1385 541 monuit:
1422 488 1505 543 V.-
1530 490 1601 542 D.
1638 490 1695 543 in
1734 491 1921 564 Ephe-

194 589 333 625 mer.
370 572 486 623 Ien.
527 572 679 626 1806.
730 592 816 625 nr.
856 573 975 645 249.
1070 571 1388 627 Articulum
1427 571 1516 628 τόν
1551 586 1746 630 neuter
1797 579 1918 631 cod.

195 657 457 726 agnoscit.
549 659 648 711 Est
695 669 1034 730 pentameter
1082 658 1418 711 catalecticus
1465 663 1524 713 in
1571 664 1920 734 disyllabum,

194 745 413 813 qualem
460 746 581 806 ἔπος
627 746 872 800 Αἰολικὸν
918 743 1105 799 vocari
1154 743 1285 796 dicit
1337 745 1672 818 Hephaestio
1744 771 1795 823 p.
1833 755 1918 809 25.

189 830 303 893 (41.
331 832 413 884 ed.
456 831 664 896 Gaisf.)

331 950 560 1004 XXIX.
610 949 816 1003 Athen.
857 951 927 1004 ib.
978 954 1034 1004 ἓν
1073 950 1126 1004 δὲ
1164 959 1271 1013 τοῖς
1305 949 1695 1022 συμπτώμασινῖ

476 1036 533 1088 οὗ
571 1031 662 1104 χρή
705 1045 904 1091 κακοῖσι
938 1037 1109 1104 θυμὸν
1142 1042 1451 1108 ἐπιτρέπειν·

471 1119 795 1191 προκόψομες
832 1123 921 1195 γὰρ
958 1125 1105 1178 οὐδὲν
1137 1123 1390 1191 ἀσάμενοι,

543 1201 581 1263 ὦ
615 1207 779 1280 Βύκχι
800 1251 813 1273 ,
870 1207 1128 1280 φάρμακον
1164 1212 1218 1265 δ’
1250 1211 1455 1280 ἄριστον

605 1297 739 1350 οἶνον
777 1300 1107 1364 ἐνεικαμένοις
1143 1294 1440 1368 μεθύσθην.

328 1383 516 1436 Ursin.
555 1404 607 1456 p.
640 1404 756 1440 101.
798 1384 1002 1438 Blomf.
1042 1405 1127 1438 nr.
1151 1384 1242 1437 ΠΙ.
1303 1387 1445 1441 Dedi
1481 1389 1665 1443 locum
1702 1411 1771 1445 ex
1809 1413 1914 1448 em.

185 1469 366 1523 Bentl.
406 1471 473 1522 ad
513 1473 654 1526 Hor.
693 1473 795 1539 III,
836 1490 883 1525 2.
957 1472 1131 1526 Gaisf.
1172 1474 1241 1525 ad
1278 1474 1572 1544 Hephaest.
1610 1498 1667 1550 Ρ.
1707 1481 1828 1534 536.
1867 1493 1918 1535 et

184 1558 382 1610 Herm.
425 1559 581 1611 elem.
630 1561 802 1614 doctr.
854 1580 929 1613 m.
975 1580 1032 1632 p.
1072 1559 1192 1613 688.
1246 1560 1419 1627 θυμόν
1455 1583 1560 1635 pro
1597 1568 1771 1631 μῦθον
1805 1568 1916 1621 iam

187 1644 376 1696 Ursin.
415 1645 665 1697 restituit.
751 1648 862 1698 Pro
903 1643 1140 1712 ἀσάμενοι
1176 1647 1353 1699 Bentl.
1404 1659 1456 1701 et
1502 1651 1680 1704 Gaisf.
1720 1651 1918 1721 ἇσώμε-

185 1752 265 1784 νοι
303 1731 370 1782 ob
403 1740 675 1794 metrum3
724 1733 816 1785 sed
856 1752 959 1802 pro
995 1755 1034 1784 ω
1073 1733 1140 1784 ab
1176 1732 1444 1788 Aeolibus
1479 1758 1512 1789 α
1547 1739 1777 1807 longum
1816 1760 1917 1812 po-

186 1819 274 1884 ni,
332 1827 392 1870 ut
438 1819 496 1871 in
545 1823 764 1887 πρᾶτος,
821 1814 1013 1885 θεαρός
1056 1829 1154 1870 eto.
1194 1831 1341 1872 recte
1380 1824 1595 1875 monuit
1629 1824 1808 1878 Koen.
1847 1828 1912 1880 ad

186 1907 355 1976 Greg.
401 1925 454 1977 Ρ.
495 1905 579 1959 86.
636 1909 726 1977 (Ρ.
772 1904 889 1976 196.
939 1903 1025 1956 ed.
1067 1903 1260 1975 Lips.)
1310 1938 1381 1945 —
1456 1902 1508 1959 αἶ’
1531 1913 1691 1977 Βυκχί
1724 1930 1830 1981 pro
1877 1909 1917 1965 ὦ

184 1997 347 2063 Βακχί
386 2012 414 2044 e
446 1991 566 2044 cod.
605 1992 680 2045 A.
721 1992 870 2044 dedit
907 1990 1212 2060 Schweigh.
1251 1992 1419 2046 citans
1456 1994 1698 2067 Etymol.
1733 1997 1815 2050 M.
1857 2019 1913 2071 p.

183 2082 309 2142 216,
345 2079 430 2148 47.
502 2073 719 2145 Βύκχις,
767 2074 923 2143 ὄνομα
958 2077 1217 2130 Αἶολικόν.
1255 2076 1390 2148 παρὰ
1425 2078 1481 2133 τὸ
1525 2082 1738 2153 βάκχος,
1785 2084 1914 2154 βάκ-

181 2189 255 2238 χις
295 2167 377 2218 καὶ
409 2162 609 2234 βύκχις·
648 2159 713 2223 ὧς
743 2167 904 2226 ἵππος
935 2168 1114 2228 ἵππις,
1150 2167 1236 2218 καὶ
1273 2166 1405 2227 οἶκος
1435 2173 1584 2233 οῑκίς,
1631 2173 1716 2224 καὶ
1745 2179 1912 2243 τροπῇ

184 2258 274 2307 τοῦ
312 2275 345 2305 α
381 2255 449 2312 εἷς
483 2272 541 2312 υ,
605 2246 671 2309 ὥς
705 2245 877 2317 βάθος
919 2255 1093 2322 βυθίς.
1181 2252 1402 2305 Oblitus
1439 2266 1556 2308 erat
1604 2258 1909 2330 Schweigh.

181 2341 387 2395 Aeoles
423 2357 535 2391 esse
557 2338 913 2406 βαρυντικοὺς,
968 2358 1138 2408 quum
1165 2342 1352 2410 Βυκχὶς
1388 2343 1737 2398 scribendum
1777 2367 1911 2399 con-

182 2426 452 2480 tendebat.
505 2426 572 2477 In
613 2423 721 2476 fine
754 2424 1035 2494 legebatur
1067 2429 1417 2497 μεθυσθῆναι,
1457 2449 1561 2502 pro
1599 2450 1707 2502 quo
1736 2433 1910 2487 Bentl.

180 2512 478 2583 μεθύσθαι,
517 2512 716 2564 rectius
750 2511 928 2564 Koen.
967 2515 1033 2566 ad
1070 2516 1239 2584 Greg.
1279 2535 1332 2587 p.
1374 2520 1490 2572 145.
1533 2524 1624 2589 (Ρ.
1664 2521 1782 2575 510.
1823 2523 1909 2576 ed.

179 2601 361 2671 Lips.)
410 2597 707 2666 μεθύσθην.
796 2596 1111 2668 Μεθύσθην
1158 2611 1235 2653 est
1283 2603 1341 2654 in
1395 2604 1528 2656 Cod.
1576 2605 1722 2657 Ven.
1774 2616 1910 2662 teste

180 2688 513 2739 Buttmanno
550 2686 609 2737 in
645 2684 787 2737 Mus.
827 2684 1019 2757 Antiq.
1042 2687 1115 2740 V.
1150 2687 1194 2739 I.
1243 2687 1370 2741 fase.
1415 2709 1457 2742 1.
1494 2711 1548 2762 p.
1591 2691 1711 2745 145.
1748 2695 1907 2765 prob.

179 2773 332 2826 Pors.
371 2792 455 2844 ap.
487 2772 654 2825 Kidd.
691 2792 743 2845 p.
782 2771 901 2827 2853·

319 2914 522 2968 XXX.
559 2912 764 2968 Athen.
801 2913 872 2966 ib.
911 2913 995 2967 καὶ
1018 2911 1252 2970 καθόλου
1282 2915 1336 2970 δὲ
1365 2917 1720 2989 συμβουλεύων
1755 2927 1904 2994 φησί·

391 3002 547 3070 μηδὲν
581 3000 704 3054 ἄλλο
738 2996 988 3074 φυτεύσῃς
1021 2999 1262 3070 πρότερον
1301 3004 1529 3073 δένδρεον
1563 3007 1785 3074 ἀμπέλω.

317 3089 506 3142 Ursin.
535 3111 587 3162 p.
618 3109 734 3144 100.
786 3089 906 3142 Iani
933 3108 984 3160 p.
1017 3089 1097 3145 15.
1149 3091 1351 3144 Blomf.
1387 3113 1472 3145 nr.
1496 3094 1664 3150 XIX.
1746 3098 1904 3149 Eun-

182 3174 307 3228 dem
356 3197 580 3230 versum
628 3177 812 3230 laudat
858 3176 1106 3229 Eustath.
1157 3179 1223 3230 ad
1273 3180 1335 3231 Il.
1381 3177 1440 3233 σ’.
1492 3201 1546 3253 Ρ.
1602 3185 1765 3247 1ι65,
1822 3199 1902 3236 10.

179 3261 406 3331 δένδρεον
432 3274 484 3316 et
519 3264 728 3332 ἀμπέλω
762 3265 798 3316 i.
826 3284 870 3316 e.
906 3264 1135 3331 ἀμπέλου
1172 3266 1405 3321 restituit
1442 3269 1619 3322 Bentl.
1653 3271 1720 3321 ad
1759 3270 1900 3322 Hor.

175 3350 221 3411 I,
266 3348 345 3403 18·
384 3349 611 3421 δένδρεον
647 3351 815 3405 etiam
849 3349 1045 3404 Valck.
1085 3353 1153 3405 ad
1192 3354 1405 3408 Herod.
1445 3377 1495 3427 p.
1523 3358 1644 3424 671,
1684 3355 1768 3423 57.
1805 3357 1897 3410 sed
