2293 3650
998 247 1083 311 47

314 399 532 454 XLIX.
583 400 825 455 Ευεῑειὼ.
862 402 929 456 ad
962 402 1193 476 Dionys.
1220 406 1342 462 Per.
1370 410 1489 465 506.
1525 416 1691 483 ἕτερον
1712 416 1770 473 δέ
1791 440 1893 487 φα·-

173 507 253 540 σιν
295 486 420 539 εἶναι
466 489 642 540 τοῦτον
689 485 778 542 τὸν
815 488 1044 560 Ἀχιλλέα
1088 491 1223 562 παρὰ
1269 492 1506 561 Σκύθαις
1550 501 1762 570 βασιλέα
1796 512 1894 560 τῶν

171 567 369 636 τόπων,
404 569 460 634 ὃς
494 569 702 645 ἠράσθη
739 596 793 630 τε
828 580 918 639 τῆς
939 577 1231 646 Ἰφιγενείας
1265 588 1591 657 πεμφθείσης
1624 591 1756 655 ἐκεῖ,
1805 595 1893 649 και

168 657 355 722 ἔμεινεν
390 658 693 727 ἐπιδιώκων,
731 663 785 724 ἐξ
820 657 880 716 οὗ
915 658 1071 724 τόπος
1093 663 1379 734 Ἀχίλλειον
1446 693 1495 726 οι
1532 673 1588 727 δὲ
1619 698 1770 734 τουτο
1802 680 1890 736 λέ-

165 762 330 812 γοντες
364 752 708 816 παραφέρουσι
743 746 966 818 μάρτυρα
997 746 1083 810 τόν
1110 749 1344 807 Ἀλκαῖον
1379 755 1614 826 λέγοντα·

436 832 691 906 Ἀχιλλεῦ,
739 857 795 896 ος
829 856 916 895 τας
953 837 1216 900 Σκυθικας
1255 862 1310 907 με
1297 839 1434 904 ’.δεις

302 917 493 975 Ursin.
541 941 599 992 p.
651 920 768 973 105.
827 920 1033 977 Blomf.
1084 943 1168 977 nr.
1216 925 1405 981 XLII.
1467 931 1561 1000 qui
1609 949 1890 1007 comparat

158 1004 366 1057 scolion
401 1025 484 1077 ap.
519 1005 725 1058 Athen.
760 1006 896 1060 XV·
940 1027 995 1079 p.
1032 1009 1151 1082 694.
1188 1011 1260 1064 D.
1302 1010 1359 1066 ἴω
1396 1014 1565 1070 Πὰνι
1548 1040 1604 1082 ος
1625 1019 1888 1093 Ἀρκαδίας

157 1090 320 1157 ped-ecc,-
357 1110 402 1141 κ.
441 1114 483 1143 τ.
520 1090 567 1142 λ.

296 1190 363 1245 L.
413 1193 594 1248 Schol.
628 1194 786 1249 Pind.
824 1197 1012 1252 Isthm.
1049 1199 1123 1262 II,
1159 1215 1238 1268 17.
1271 1201 1566 1272 χρήματα
1601 1206 1880 1280 χρήματ’

155 1274 343 1349 ἇνήρ·
393 1286 541 1335 τοῦτο
577 1280 905 1351 ἆναγροῖφεται
940 1284 1031 1352 μὲν
1066 1290 1137 1348 εἷς
1175 1284 1261 1350 τὰς
1295 1297 1563 1360 παροιμίας
1597 1293 1693 1348 ὕπ’
1723 1300 1882 1365 ἐνίων,

151 1364 465 1437 ἀπόφθεγμα
492 1368 600 1422 δέ’
575 1389 711 1422 εστιν
737 1369 1120 1442 Ἀριστοδήμου,
1159 1371 1396 1447 καθάπερ
1430 1382 1554 1450 φησὶ
1576 1380 1881 1453 Χρύσιππος

151 1454 208 1505 ἒν
241 1457 309 1522 τῷ
346 1456 461 1522 περὶ
495 1461 790 1523 παροιμιῶν.
864 1463 1046 1512 τοῦτον
1079 1460 1135 1514 δὲ
1173 1461 1259 1515 τὸν
1283 1463 1647 1538 Ἀριστόδημον
1680 1474 1882 1528 Πίνδα-

149 1559 234 1609 ρος
269 1539 359 1607 μὲν
394 1541 451 1594 οὖ
490 1545 700 1612 τίθησιν
737 1543 849 1606 ἕξ’
828 1565 1072 1614 ονοματος
1083 1584 1100 1613 ,
1146 1570 1214 1610 ως
1249 1547 1457 1618 δήλου
1443 1549 1611 1620 όντος,
1657 1553 1712 1621 ὅς
1742 1562 1880 1615 ἔστιν

151 1624 178 1679 ὃ
227 1631 377 1680 τοῦτο
426 1627 609 1689 εἰπὼν,
669 1626 823 1695 μόνον
872 1631 929 1684 δὲ
975 1634 1313 1702 ἓσημειιόσατο
1362 1659 1456 1704 την
1496 1645 1740 1713 πατρίδα,
1800 1644 1880 1702 ότι

140 1712 389 1782 Ἀργεῖος·
438 1713 669 1774 Ἀλκαῖος
704 1714 760 1767 δὲ
799 1716 884 1769 καὶ
928 1716 985 1770 τὸ
1022 1716 1180 1788 ὄνομα
1214 1723 1298 1775 και
1334 1722 1426 1791 τὴν
1460 1731 1678 1800 πατρίδα
1714 1734 1879 1804 τίθη-

144 1819 224 1853 σιν
234 1838 254 1861 ,
293 1799 385 1853 οὐκ
409 1797 611 1867 Ἄργος,
647 1798 773 1852 ἀλλὰ
809 1799 1083 1874 Σπάρτην·

355 1884 427 1948 ὡς
459 1883 549 1957 γὰρ
585 1885 781 1952 δίποτέ
815 1908 967 1954 φασιν
990 1885 1353 1962 Ἀριστόδημον
1385 1898 1441 1948 ἒν
1478 1894 1693 1971 Σπάρτᾳ
1726 1898 1876 1972 λόγον

354 1973 447 2026 οὔκ
493 1968 787 2040 ἀπάλαμνον
837 1980 1024 2030 εἶπειν·
1081 1976 1302 2049 χρήματ’
1347 1980 1503 2054 ἀνὴρ,
1548 1987 1774 2058 πενιχρός
1817 1989 1875 2044 δὲ

352 2059 517 2121 οὐδεὶς
550 2058 721 2113 πέλετ’
757 2057 903 2121 ἐσλὸς
937 2061 1057 2115 οὐδὲ
1092 2069 1264 2132 τίμιος.

280 2145 469 2198 Ursin.
497 2164 549 2216 p.
579 2147 676 2200 103
706 2164 784 2216 sq.
821 2147 1024 2200 Blomf.
1051 2169 1134 2202 nr.
1160 2152 1441 2207 XXVIII.
1487 2156 1645 2211 Idem
1670 2158 1866 2233 fiagm.

139 2233 339 2286 habent
375 2231 567 2284 Suidas
603 2250 656 2284 v·
696 2229 953 2302 χρήματα,
990 2233 1204 2305 χρήματ’
1233 2237 1388 2308 ἀνὴρ,
1427 2242 1653 2313 πενιχρός
1687 2246 1740 2300 δ’
1776 2249 1867 2302 οὗ-

139 2319 320 2373 δέποτ’
356 2315 552 2380 ἐσθλὸς
592 2318 680 2370 ἐπὶ
715 2323 814 2372 τῶν
849 2319 932 2374 διὰ
967 2320 1192 2376 πλοῦτον
1228 2325 1602 2396 εὗημερούντων
1630 2331 1866 2403 Ἀριστό-

139 2401 298 2474 δημός
332 2424 472 2473 φησι.
540 2407 784 2474 μέμνηται
830 2411 920 2460 τοῦ
954 2406 1317 2480 Ἀριστοδήμου
1354 2416 1438 2468 και
1471 2416 1737 2481 Ἀλκαῖος·
1797 2419 1866 2484 ὦς

137 2491 229 2563 γὰρ
261 2487 326 2561 δή
362 2490 482 2544 ποτ’
514 2489 874 2562 Ἀριστόὰιμόν
908 2515 1063 2560 φασιν
1098 2500 1152 2550 ἓν
1189 2499 1406 2573 Σπάρτα
1446 2502 1536 2556 οὗκ
1571 2503 1865 2574 ἀπάλαμνον

135 2575 284 2648 λόγον
319 2582 502 2643 εἰπεῖν,
550 2576 799 2648 χρήματα,
847 2583 932 2635 καὶ
968 2581 1030 2636 τὰ
1065 2585 1113 2636 ἒ
1092 2589 1194 2653 ξζῆς.
1266 2587 1400 2640 item
1435 2589 1669 2662 Diogen.
1709 2595 1776 2646 L.
1812 2598 1857 2663 I,

136 2669 220 2724 δι.
260 2666 471 2719 omissis
511 2684 660 2718 voce.
698 2668 818 2722 οὐδὲ
854 2672 1030 2736 τίμιος.
1115 2671 1267 2724 Suid.
1305 2673 1467 2728 habet
1503 2675 1570 2739 ὥς
1605 2679 1695 2750 γὰρ
1731 2681 1858 2750 δήπ.

125 2747 372 2822 Ἀριστόδ.
403 2755 582 2816 mariv,
631 2753 791 2826 Diog.
823 2753 890 2818 ὣς
920 2753 1010 2826 γὰρ
1041 2753 1162 2822 δήπ.
1189 2757 1375 2830 Ἀριστ.
1404 2757 1650 2830 ὅνφασιν.
1700 2768 1853 2823 Suid.

131 2841 187 2892 ἐν
220 2843 328 2892 Σπ.
366 2837 458 2891 οὗκ
498 2838 586 2891 ἀπ.
625 2837 775 2910 λόγον
814 2846 914 2895 εῑπ.
991 2843 1154 2915 Diog·
1201 2845 1293 2899 οῦκ
1341 2848 1430 2901 ἇπ.
1475 2851 1532 2902 ἐν
1568 2855 1671 2904 Σπ.
1707 2851 1857 2924 λόγον

131 2929 309 2979 εἰπεῖν.
381 2925 511 2978 Duo
547 2926 765 2997 priores
802 2949 1019 2996 versuS,
1071 2943 1130 2985 ut
1164 2933 1223 2986 in
1260 2934 1429 2988 schol.
1467 2939 1534 2990 ad
1572 2939 1733 2995 Pind.
1768 2944 1852 2998 le-

126 3022 354 3081 guntur,
395 3022 520 3066 sunt
556 3014 808 3087 dactylici
841 3019 1142 3088 logaoedici

413 3120 616 3144 --ι-υυ
635 3123 927 3151 υυυυυυυ

129 3180 197 3233 de
228 3184 449 3254 reliquis
487 3187 703 3253 dubit03
744 3189 945 3244 Blomf.
975 3191 1050 3245 ita
1086 3212 1175 3245 eas
1209 3193 1502 3266 disposuitz

404 3269 616 3340 χρήματ’
656 3274 806 3346 ἀνήρ’
849 3278 1078 3349 πξνιχρὸς
1109 3278 1199 3351 γὰρ
1233 3281 1396 3345 οὐδεὶς

405 3357 575 3413 πέλετ’
615 3358 762 3423 ἐσλὸς
796 3363 916 3420 οὐδὲ
954 3371 1131 3435 τίμιος-
