2293 3650
948 262 1030 326 63

128 420 393 483 Ἀλκαῖος
419 420 476 472 ἐν
512 420 826 490 πεντηκοστῇ
876 413 1027 490 ὀγδόῃ
1043 437 1056 449 ·
1113 438 1143 472 κ
1155 419 1258 484 αἱ)
1310 419 1363 470 Σ
1370 438 1400 470 κ
1412 438 1444 471 υ
1456 419 1502 471 θ
1513 438 1533 470 ι
1545 437 1574 469 κ
1586 414 1618 470 ὰ
1629 438 1654 479 ς
1699 415 1730 470 ὗ
1745 440 1782 470 π
1797 439 1855 472 0..

138 509 170 564 δ
181 531 213 579 η
225 530 254 562 σ
266 507 298 560 ά
310 528 344 571 μ
360 527 383 558 ε
397 526 424 558 ν
439 526 465 558 ο
480 527 519 567 ς.
571 511 594 570 (
609 508 783 576 Harp.
820 501 1206 576 ὖποδησάμενοι.
1259 504 1412 558 Suid.
1446 500 1855 576 ὖποδυσὰμενοι.)

274 592 477 646 Blomf.
513 612 598 647 nr.
630 593 866 646 LXXV.

276 766 422 822 XCI.
479 765 821 821 Artemidor.
860 765 1153 821 Oneirocr.
1189 765 1258 829 II,
1295 765 1378 818 25.
1428 762 1614 834 ταύτης
1646 763 1735 835 γὰρ
1770 761 1858 818 τὸν

134 851 325 923 καρπὸν
356 853 549 923 ἤσθιον
585 859 634 906 οῖ
660 849 926 923 Ἀρκάδες.
980 855 1066 908 καὶ
1102 852 1127 907 ὃ
1157 848 1402 924 Ἀρχαῖός
1437 871 1588 922 φησι·
1628 847 1859 922 ’Λρκά-

134 941 240 1004 δες
277 942 463 994 ἕσσαν
497 940 970 1011 βαλανηφάγοι.

273 1028 442 1080 Recte
481 1044 582 1094 pro
618 1026 863 1098 Ἀρχαῖος
897 1027 1152 1105 Ἀλκαῖίζςἱ
1184 1026 1690 1096 scripsit-Meineke
1731 1025 1861 1077 Cur.

138 1114 255 1166 crit.
295 1114 351 1166 in
379 1113 570 1167 comic.
595 1113 665 1166 fr.
700 1131 750 1184 p.
780 1117 862 1170 50.
894 1125 1001 1168 not.
1058 1117 1307 1171 Mettum
1332 1125 1408 1168 est
1431 1113 1862 1167 choriambicum

182 1240 195 1256 ο
229 1241 244 1256 0
278 1211 468 1268 -υυ-Ι
498 1211 788 1268 -υυ-[υ-

276 1369 445 1424 XCII.
498 1370 750 1444 Apostol.
788 1372 926 1437 XV,
967 1373 1052 1429 85.
1104 1370 1259 1427 πάλιν
1293 1371 1324 1425 ἆ
1362 1367 1419 1435 ὗς
1453 1375 1734 1443 παρορίνει,
1777 1372 1864 1425 ἐπὶ

131 1461 233 1511 τῶν
263 1456 670 1526 παρακινούντων
695 1459 803 1513 τινὰ
833 1465 996 1515 εἰπεῖν
1028 1459 1212 1514 ἄκοντα
1247 1458 1277 1514 ἃ
1312 1460 1372 1514 οὗ
1408 1456 1663 1530 βούλεται.
1726 1458 1867 1512 Ἀλ-
1955 1491 1958 1494 <

130 1549 276 1599 καίου
314 1542 348 1614 ’ἧ
389 1550 649 1612 παροιμία.

277 1643 481 1696 Blomf.
522 1663 605 1695 nr.
640 1643 778 1696 LIII.
830 1645 922 1713 qui
963 1647 1090 1698 citat
1123 1645 1453 1716 Diogenian.
1488 1644 1642 1707 VIII,
1679 1644 1763 1698 64.
1809 1639 1869 1708 ὗς

136 1730 292 1799 ὀρίνει
333 1731 552 1783 ἐπὶτῶν
588 1735 765 1798 βιαίων
811 1728 1007 1799 λέγεται
1056 1733 1140 1784 καὶ
1188 1736 1454 1803 ἐριστικῶν.
1538 1732 1694 1784 Idem
1740 1733 1868 1785 citat

138 1817 395 1888 Sophocl.
433 1835 519 1888 ap.
555 1817 698 1869 Plut.
741 1817 808 1869 de
845 1819 968 1871 aud.
1005 1829 1150 1889 poet.
1187 1840 1240 1891 p.
1271 1822 1353 1874 25.
1391 1820 1475 1873 ed.
1515 1819 1675 1871 Grot.
1733 1819 1868 1872 Plu-

137 1904 306 1957 tarch.
347 1903 536 1956 Amat.
577 1922 629 1974 p.
669 1903 816 1969 1547.
856 1904 939 1955 ed.
978 1905 1051 1956 H.
1091 1905 1273 1975 Steph.
1319 1901 1482 1973 quam
1518 1907 1762 1976 apposite
1799 1907 1868 1959 ad

137 1991 190 2044 h.
217 1992 252 2043 l.
291 2010 403 2043 non
440 2000 657 2061 exputo.
734 1989 795 2041 Si
829 1986 981 2041 πάλιν
1018 1991 1084 2042 ad
1123 1991 1482 2062 proverbium
1520 1991 1700 2063 ipsum
1737 2012 1870 2065 per-

137 2081 302 2142 tinet,
363 2098 477 2130 non
519 2076 862 2147 grammatici
901 2077 1049 2129 aliud
1091 2080 1408 2150 exemplum
1449 2079 1725 2132 afferentis
1777 2091 1872 2149 est,

139 2174 377 2218 metrum
418 2177 496 2215 est
531 2164 778 2216 Ionicum
814 2182 846 2215 a
883 2164 1119 2218 minore.
1191 2165 1284 2218 Ab
1321 2163 1352 2217 ἆ
1386 2161 1441 2227 ὗς
1478 2167 1671 2238 incipit
1706 2169 1868 2222 etiam

139 2252 344 2304 scolion
384 2269 468 2321 ap.
497 2249 702 2302 Athen.
731 2249 868 2304 XV.
905 2270 959 2322 p.
992 2251 1110 2323 695.
1148 2250 1220 2306 D.
1257 2252 1319 2306 in
1354 2253 1596 2309 Brunck.
1625 2255 1791 2308 Anal.
1824 2259 1869 2312 I.

140 2358 192 2412 p.
236 2339 350 2410 159.
391 2335 527 2390 XX.

279 2508 476 2563 XCIII.
542 2508 723 2561 Schol.
760 2508 987 2562 Hesiod.
1025 2510 1237 2582 Theog.
1277 2513 1397 2567 315.
1461 2512 1779 2587 Τήν”Τδραν
1814 2517 1869 2572 δὲ

133 2595 382 2658 Ἀλκαῖος
418 2596 508 2664 μὲν
543 2594 904 2663 ἓννεακέφαλόν
940 2617 1064 2667 φησι
1075 2638 1093 2662 ,
1137 2626 1207 2638 -
1265 2601 1551 2672 Σιμωνίδης
1585 2602 1640 2656 δὲ
1682 2624 1869 2674 πεντη-

142 2683 525 2749 κοντοκέφαλον.

283 2771 472 2824 Ursin.
514 2790 562 2843 p.
608 2769 726 2825 108.

288 2938 487 2993 XCIV.
549 2939 730 2993 Schol.
759 2938 1023 2994 Nicandr·
1062 2942 1233 2997 Ther.
1271 2942 1388 2999 615.
1432 2942 1685 3009 Ἀλκαῖός
1720 2968 1872 3018 φησιν

147 3029 203 3081 ἓν
250 3036 358 3090 τοῖς
406 3029 523 3096 περὶ
559 3028 1016 3099 Ἀρχαιαιάκτίδην
1065 3030 1168 3098 (sic
1205 3050 1306 3100 pro
1335 3030 1571 3103 Ἀρχεαν.
1611 3035 1871 3088 Meineke

149 3124 351 3183 quaest.
376 3134 518 3168 scen.
544 3136 683 3189 spec.
710 3136 811 3170 sec.
835 3137 888 3189 p.
906 3119 989 3170 55.
1020 3117 1151 3184 not.)
1190 3120 1271 3171 καὶ
1296 3117 1380 3173 τὸν
1398 3119 1873 3192 πρόςἝρυθραίους

152 3203 267 3264 (sic
296 3203 445 3256 idem
479 3224 582 3276 pro
611 3207 905 3274 -θραῖον)
941 3201 1164 3272 πόλεμον
1192 3210 1408 3277 φανῆναι
1440 3205 1532 3262 ’τὸν
1557 3205 1871 3262 Ἀπόλλωνα

154 3288 283 3341 καθ’
326 3286 538 3357 ὕπνους,
580 3293 750 3363 ἔχοντα
784 3297 991 3365 μυρίκης
1027 3292 1206 3347 κλῶνα.
