2293 3650
1153 242 1233 299 10

324 402 412 455 Ex
447 419 569 454 mea
609 394 974 465 descriptione
997 412 1215 447 necesse
1251 411 1365 446 non
1402 403 1510 458 est,
1559 413 1613 449 V.
1637 411 1683 447 2.
1719 397 1895 448 ἵππιοι
1931 413 2058 448 cum

323 489 447 541 Iani
497 497 550 540 et
595 482 769 538 Gaisf.
816 490 1031 534 mutare
1081 481 1139 534 in
1191 485 1416 541 ἵππειοι,
1491 500 1543 534 v.
1583 483 1630 535 5.
1695 478 1951 550 ἆγᾶλματα
1996 483 2056 534 in

325 572 612 644 τᾶγάλματα
673 569 860 639 (quod
920 569 1084 622 etiam
1138 587 1169 621 a
1219 567 1487 620 sermonis
1545 567 1751 637 legibus
1812 570 2055 621 alienum

325 662 504 729 erat),
571 657 706 711 ibid.
743 653 946 727 χάλκεαι
981 656 1036 710 δὲ
1072 657 1131 708 in
1167 651 1369 725 χάλκεαι
1406 653 1457 707 δ’
1500 650 1580 706 αὖ.
1674 653 1866 706 Prima
1904 678 2055 723 μαρμ.

324 749 378 802 δὲ
415 770 463 815 μ.
503 747 547 801 δ.
583 769 626 816 χ.
678 766 747 799 ex
794 745 1084 798 Athenaeo
1134 744 1318 795 laudat
1367 740 1614 793 Eustath.
1665 742 1734 793 ad
1788 742 1851 793 Il.
1889 741 1966 810 ψ’.
2004 762 2057 815 p.

329 838 479 907 1319.
520 844 660 887 extr.
703 835 788 887 ed.
827 833 994 885 Rom.
1067 831 1178 884 Pro
1216 830 1368 897 δόμος
1402 829 1533 882 Urs.
1571 827 1718 888 οἶκος.
1784 827 2061 896 ΡΓΟ’Ἀρει

322 944 352 976 e
389 923 514 978 MS.
567 922 640 976 A.
679 919 807 987 ’Ἀρῃ
856 918 1072 991 scripsit
1119 916 1428 986 Schweigh.
1465 917 1528 969 ad
1569 915 1779 968 Athen.
1816 915 1885 967 T.
1926 915 2061 968 VII.

321 1031 375 1082 p.
413 1011 536 1063 415.
588 1007 765 1061 Gaisf.
808 1006 873 1058 ad
914 1005 1099 1076 Heph.
1140 1024 1196 1075 p.
1237 1007 1353 1059 513.
1395 1002 1688 1058 et'Blomf.
1741 1021 1902 1072 quam
1941 1001 2061 1055 for-

323 1115 472 1148 mam
534 1094 665 1148 l'ibri
710 1093 914 1146 habent
964 1093 1130 1145 etiam
1181 1091 1244 1145 Il.
1281 1087 1352 1158 φ’,
1404 1091 1556 1155 451.,
1615 1091 1730 1145 sive
1780 1109 1849 1141 ex
1887 1086 2062 1158 Ἄρεα),

308 1179 463 1256 Ἄρῃ,
516 1190 577 1234 ut
613 1178 917 1252 προφήτεω,
964 1175 1232 1251 προφήτῃ,
1283 1180 1400 1232 sive
1439 1199 1508 1232 ex
1529 1176 1706 1248 Ἄρηι,
1752 1166 1972 1240 factam,
2010 1184 2063 1227 et

321 1270 380 1322 in
415 1289 518 1322 usu
553 1268 720 1322 fuisse
758 1269 978 1340 colligas
1017 1286 1085 1319 ex
1122 1267 1368 1320 Eustath.
1408 1268 1474 1320 ad
1514 1268 1576 1319 ll.
1613 1262 1668 1328 ε’,
1715 1284 1770 1336 p.
1810 1264 1933 1328 518,
1975 1265 2060 1316 26.

321 1355 540 1410 κλίνεται
575 1357 630 1411 δὲ
664 1361 748 1410 καὶ
785 1354 854 1418 ὥς
891 1353 1240 1416 σπονδειακόν,
1262 1352 1437 1425 ’Ἀρης,
1462 1352 1628 1423 ’is-1901),
1651 1351 1829 1421 ’Ἁρεω.
1886 1350 1954 1402 cf.
1992 1351 2061 1403 ad

318 1446 383 1498 Il·
422 1441 483 1507 σ’,
533 1464 586 1517 p.
632 1447 798 1505 1155,
844 1446 922 1498 15.
981 1441 1120 1511 ’Ἀρει
1174 1462 1213 1494 S.
1249 1440 1403 1512 Ἄρῃ,
1454 1450 1511 1493 in
1559 1446 1764 1493 fisartis
1812 1442 2062 1490 honorem

318 1542 465 1585 recte
515 1536 915 1605 interpretatur
961 1531 1100 1583 Iani.
1174 1529 1249 1583 V.
1289 1547 1338 1583 2.
1389 1529 1715 1598 λαμπραῖσιν.
1777 1547 1806 1579 ν
1853 1526 2064 1578 addidit

317 1620 453 1673 Iani.
506 1624 718 1684 καττᾶν,
764 1618 889 1672 κατά
926 1622 1028 1671 τῶν
1077 1617 1112 1669 i.
1156 1637 1202 1670 e.
1255 1617 1385 1668 καθ’
1439 1613 1524 1669 ὧν.
1598 1615 1671 1667 V.
1708 1614 1759 1665 4.
1810 1611 2065 1681 κρυπτοὺς

315 1705 608 1768 πασσάλους
650 1716 799 1758 recte
839 1705 1081 1776 explicat
1117 1702 1236 1755 Iani
1268 1707 1528 1764 occultos,
1587 1710 1852 1772 quatenus
1896 1699 2064 1752 armis

316 1795 589 1867 suspensis
625 1803 915 1863 teguntur,
955 1791 1030 1843 ita
1071 1801 1130 1842 ut
1175 1790 1361 1841 nullus
1398 1790 1579 1842 clavus
1619 1789 1795 1840 nudus
1834 1797 1926 1839 aut
1964 1807 2064 1840 va-

318 1903 448 1936 cuus
495 1883 583 1934 sit.
687 1879 824 1931 Ibid.
871 1877 1101 1944 κναμίδες
1146 1896 1253 1949 pro
1301 1876 1534 1944 κιάμῖὸες
1581 1895 1650 1928 ex
1697 1876 1780 1928 ed.
1835 1875 1958 1928 Cas·
2009 1884 2062 1927 et

318 1971 438 2024 cod.
479 1970 553 2024 A.
604 1968 754 2021 dedit
804 1965 1112 2035 Schweigh.
1164 1975 1217 2017 et
1263 1967 1338 2017 sic
1387 1965 1501 2015 iam
1549 1962 1740 2016 Ursin.
1814 1962 2063 2014 Debebat

315 2054 561 2125 κνάμιδες.
633 2056 784 2109 Nam
839 2057 887 2106 οῖ
943 2052 1153 2114 Αἰολεῖς
1204 2050 1446 2120 φεύγουσι
1505 2046 1599 2117 τὴν
1659 2049 1826 2111 ὀξεῖαν
1886 2048 2056 2103 τάσιν·

314 2151 483 2199 πᾶσαν
518 2142 610 2213 γὰρ
658 2143 792 2208 λέξιν
838 2139 971 2210 ὗπὲρ
1020 2145 1139 2209 μίαν
1189 2137 1448 2207 συλλαβὴν
1483 2136 1606 2206 παρ’
1664 2135 1789 2207 ἡμῖν
1824 2134 2062 2201 ὀξύτονον

314 2234 464 2287 αὐτοὶ
511 2228 819 2303 βαρύνουσι,
854 2230 999 2300 χωρὶς
1025 2230 1124 2278 τῶν
1158 2227 1460 2293 προθέσεων
1495 2225 1580 2276 καὶ
1615 2228 1714 2276 τῶν
1751 2226 2055 2291 συνδέσμων,

315 2332 376 2374 ut
422 2321 497 2373 ait
549 2319 855 2372 Herodian.
906 2317 966 2368 in
1014 2313 1209 2365 Hortis
1245 2312 1434 2380 Adon.
1484 2330 1537 2382 p.
1569 2309 1691 2373 425,
1732 2328 1816 2363 20.
1867 2314 2058 2365 citatus

315 2405 535 2458 Koenio
563 2405 633 2456 ad
665 2406 836 2474 Greg.
875 2403 1003 2455 Cor.
1041 2421 1096 2472 p.
1126 2401 1247 2465 617.
1285 2400 1369 2452 ed.
1407 2399 1562 2470 Lips.
1585 2430 1655 2438 —-
1685 2396 1832 2467 ὅρκος
1865 2418 1933 2451 ex
1974 2400 2059 2452 ed.

315 2495 461 2547 Ven-
501 2503 554 2546 et
589 2493 753 2546 Basil.
796 2502 849 2545 et
884 2487 1223 2544 membranis
1262 2488 1370 2538 suis
1405 2487 1623 2559 scripsit
1659 2484 1964 2554 Schweigh.
2006 2496 2059 2538 et

319 2580 492 2633 Gaisf.
531 2582 566 2633 l.
608 2599 651 2632 c.
689 2578 931 2649 Hesych.
966 2574 1142 2646 ἄρκος,
1189 2573 1433 2642 ἇρκεσμα,
1472 2570 1718 2642 βοήθεια.
1756 2601 1824 2611 -—
1874 2577 2059 2642 ἰσχυρῶ

315 2669 494 2739 βέλευς
529 2668 764 2721 membr.
804 2684 908 2739 pro
946 2662 1281 2736 ἶσχυροβελές,
1318 2682 1422 2734 pro
1461 2681 1568 2733 quo
1597 2660 1793 2714 Valck.
1837 2660 1904 2712 ad
1942 2661 2061 2713 Eu-

316 2757 422 2828 rip.
461 2757 670 2809 Phoen.
708 2775 765 2828 p.
806 2771 904 2827 291
947 2753 999 2806 b.
1039 2751 1359 2803 coniiciebat
1397 2747 1668 2820 ἲσχοβελές.
1763 2747 2057 2801 Blomfield

316 2863 426 2896 ree.
479 2845 600 2896 Iani
646 2843 787 2896 coni.
839 2837 1040 2913 ἰσχυρὸν
1088 2838 1282 2910 βέλευς.
1323 2867 1394 2877 -
1439 2837 1512 2890 V.
1551 2837 1599 2889 5.
1650 2838 1745 2890 νέω
1795 2833 1916 2888 λίπω
1952 2854 2056 2907 pro

317 2934 411 3000 νέῳ
458 2930 577 2999 λίνῳ
630 2941 708 2983 est
753 2950 822 2983 ex
873 2928 1088 2982 emend.
1140 2927 1368 2980 Casaub·
1418 2924 1610 2978 Ursin.
1658 2922 1902 2977 νεώλινοι.
1987 2923 2054 2975 111

319 3037 436 3090 sqq.
477 3022 559 3070 καί
596 3019 834 3084 addidit,
882 3038 935 3071 τε
970 3017 1029 3070 in
1068 3013 1126 3068 δέ
1162 3013 1397 3067 mutavit
1433 3022 1486 3065 et
1518 3010 1631 3064 κατ’
1672 3011 1879 3072 ἀσπίδες
1914 3009 2056 3063 scri-

316 3109 424 3179 psit
458 3106 596 3160 ]ani.
670 3107 775 3159 Sed
815 3106 988 3157 καὶ-
1013 3103 1071 3158 δέ
1106 3122 1244 3155 num
1281 3101 1425 3174 apud
1464 3099 1795 3168 antiquiores
1821 3099 2051 3168 legatur,

316 3205 463 3248 recte
505 3194 755 3247 dubitare
795 3194 1016 3245 videtur
1053 3191 1282 3244 Porson.
1335 3189 1402 3240 ad
1437 3187 1573 3239 Eur.
1611 3186 1714 3239 Or.
1752 3186 1873 3238 614.
1924 3187 2049 3238 An:

318 3288 508 3335 κείαται
558 3281 613 3334 δὲ
659 3281 773 3333 κατ’
827 3280 873 3332 ἆ.
916 3283 1006 3350 βλ)
1097 3278 1169 3331 V.
1212 3279 1284 3330 D.
1334 3278 1393 3329 in
1449 3273 1798 3347 Ephemerid.
1849 3273 1963 3324 len.
2001 3292 2052 3325 a.

328 3371 475 3424 1806.
518 3370 747 3444 11r.249.
788 3368 1028 3421 κολληταί
1078 3387 1129 3420 τε
1170 3365 1284 3418 κατ’
1329 3382 1453 3417 cum
1480 3363 1787 3433 βεβλημέναι
1816 3366 2049 3429 iungen-
