2293 3650
991 238 1068 297 13

164 393 363 447 oblitus
400 400 480 444 est
512 390 908 446 Mitscherlich.
982 387 1234 444 Similem
1270 389 1382 445 vid.
1419 391 1480 445 in
1515 390 1886 466 Theognideis

161 498 214 533 v.
250 479 349 547 671
382 495 494 549 sqq.
528 478 697 531 Bekk.

296 649 401 707 ΙΙΙ.
462 649 743 702 Heraclid.
797 648 858 702 P.
897 649 968 702 ib.
1019 651 1110 719 (p-
1143 647 1222 700 15.
1262 650 1345 702 ed.
1386 649 1564 720 Sch.):
1615 649 1795 718 ὁμοίιος
1831 652 1888 707 δὲ

157 736 218 789 τά
276 733 378 791 ὕπὸ
441 733 625 790 τούτου
684 734 1033 805 (Μυρσίλον)
1105 735 1445 804 αἰνιττόμενος
1506 739 1725 808 ἑτέρωθί
1785 763 1889 795 που

157 821 313 894 λέγει·

369 909 426 964 τὸ
463 911 517 964 δὲ
554 905 665 980 εὖγε
700 913 831 976 κῦμα
867 912 936 977 τῷ
973 911 1201 980 προτέρῳ
1237 914 1566 982 νεομωστίχει,

367 999 567 1066 παρέξει
603 996 655 1048 δ’
697 994 819 1071 ἄμμι
855 993 1024 1049 πόνων
1060 997 1259 1067 πολλὴν
1294 997 1507 1073 ἄντλῃν..

153 1087 265 1138 ἐπεὶ
303 1087 384 1137 καὶ
420 1082 535 1144 ναὸς
570 1086 796 1152 ἐμβαίνει
833 1081 1116 1154 κατακόρως
1154 1088 1207 1137 ἐν
1247 1093 1358 1147 ταῖς
1392 1085 1712 1156 ἀλληγορίαις
1740 1084 1765 1142 ὅ
1794 1109 1887 1159 νη-

153 1169 336 1240 σιώτης
363 1169 722 1236 θαλλασσεύει,
759 1173 841 1223 καὶ
872 1172 933 1224 τὰ
971 1179 1188 1226 πλεῖστα
1225 1176 1323 1224 τῶν
1360 1170 1442 1224 διὰ
1477 1171 1592 1235 τοὺς
1621 1172 1888 1245 τυράννους

151 1256 428 1329 ἐπεχόντων
471 1263 632 1310 κακῶν
668 1259 920 1327 πελαγίοις
956 1264 1189 1330 χειμῶσιν
1225 1255 1417 1320 εἰκάζει.

293 1345 478 1398 Ursin.
518 1331 589 1397 ib.
628 1346 938 1399 Blomfield.
987 1347 1092 1398 hoc
1140 1347 1512 1416 fragmentum
1561 1367 1684 1402 cum
1722 1370 1888 1423 supe--

149 1431 301 1483 riore
355 1432 656 1501 coniungit.
743 1435 823 1485 At
873 1436 918 1486 si
956 1435 1201 1487 eiusdem
1252 1435 1509 1486 carminis
1561 1445 1695 1488 esset
1743 1456 1888 1507 pars,

151 1519 248 1570 vix
295 1519 514 1571 Heracl.
565 1519 790 1572 dixisset
837 1522 1054 1591 ἑτέρωθί
1103 1543 1204 1574 που
1254 1521 1400 1590 λέγει.
1477 1522 1549 1575 V.
1598 1542 1641 1575 1.
1694 1523 1882 1576 Ursin.

151 1609 220 1672 τῷ
259 1609 444 1671 προτέρ
482 1606 652 1673 ὧνέμῳ
690 1613 870 1674 στίχει,
921 1619 982 1660 ut
1016 1610 1074 1661 in
1116 1611 1336 1661 Heracl.
1375 1610 1497 1662 MS.
1536 1610 1645 1680 legi
1682 1621 1885 1664 narrat.

150 1691 357 1742 Iacobs.
396 1693 463 1743 ad
494 1693 658 1744 Anal.
690 1693 781 1743 ΒΓ.
820 1693 864 1756 Ι,
909 1713 951 1745 1.
990 1713 1042 1766 p.
1073 1698 1189 1766 595.
1232 1696 1374 1748 hunc
1402 1715 1625 1749 versum
1652 1699 1724 1749 ita
1754 1718 1888 1750 con-

148 1779 351 1830 stituit:
427 1777 482 1831 τὸ
533 1778 581 1830 δ’
638 1771 702 1829 αὗ
753 1799 804 1845 γε
865 1784 998 1844 κῦμα
1069 1786 1136 1847 τῷ
1188 1787 1413 1850 προτέρῳ
1464 1782 1639 1850 νεωρὲς
1690 1791 1885 1854 στείχει.

150 1867 371 1938 Septem
399 1867 576 1938 prima
617 1866 785 1918 verba
821 1885 938 1918 sese
976 1868 1271 1918 emendare
1309 1887 1420 1919 non
1457 1888 1613 1939 posse
1651 1873 1887 1941 ingenue

148 1952 351 2006 fatetur
398 1953 688 2005 Elmsleius
737 1953 805 2005 ad
845 1954 1037 2025 Eurip.
1084 1955 1303 2007 Heracl.
1355 1956 1461 2026 169.
1500 1956 1769 2012 inffaltero
1807 1961 1888 2013 le-

151 2059 282 2110 gens
331 2040 488 2094 πόνον
534 2039 698 2093 πολὺν
745 2040 947 2108 ἀντλῆν.
1037 2041 1288 2110 ,,Ἀντλῆν
1334 2043 1554 2095 videtur
1591 2044 1887 2101 Aeolicum

153 2147 266 2179 esse
304 2148 408 2198 pro
443 2127 692 2178 ἆντλεῖν.“
778 2128 857 2181 At
901 2147 988 2179 res
1021 2129 1238 2181 minimi
1275 2129 1477 2180 laboris
1517 2150 1630 2182 esse
1669 2133 1888 2188 videtur

152 2214 225 2267 V.
261 2217 329 2267 D.
378 2215 471 2283 qui
520 2215 946 2268 Observationes
994 2217 1053 2268 in
1098 2217 1284 2267 Elmsl.
1346 2217 1428 2268 ed.
1466 2217 1687 2269 Heracl.
1739 2221 1890 2275 dedit

153 2303 211 2354 in
265 2302 459 2353 Diario
526 2302 744 2353 classico
807 2304 1095 2369 (Classical
1126 2307 1389 2375 journass)
1440 2323 1493 2355 n.
1539 2306 1618 2357 16.
1670 2326 1723 2377 p.
1763 2312 1885 2381 595,

154 2391 312 2456 „Pro
362 2382 472 2457 εὖγε
524 2389 649 2440 citat
700 2388 978 2441 Gaisford.
1027 2391 1093 2442 ad
1147 2391 1443 2462 Hephaest.
1495 2411 1546 2463 p.
1585 2394 1703 2448 556.
1757 2390 1885 2449 εὗιε.

153 2479 271 2546 lege
309 2477 476 2546 igitur
527 2474 635 2528 τόδ’
687 2473 784 2544 ὖψὶ
822 2476 1051 2543 κυμάτων
1089 2480 1267 2547 ἑτέρων
1300 2483 1445 2544 μένος
1483 2483 1693 2550 Στείχει.
1767 2484 1888 2536 He-

151 2564 301 2634 sych.
338 2561 416 2631 ὗψ
452 2565 618 2630 μεῖζον
652 2567 897 2631 μετέωρον
932 2564 1031 2617 ἄνω
1069 2562 1291 2634 ὑψηλοῦ.
1365 2566 1614 2638 Respicit
1648 2569 1886 2624 Alcaeus

157 2653 225 2705 ad
262 2652 429 2703 Hom.
479 2652 541 2702 ll.
585 2647 646 2714 λ’,
685 2654 803 2720 507.
854 2651 1045 2704 πολλὸν
1092 2653 1146 2705 δὲ
1194 2654 1340 2723 τροφὶ
1382 2659 1514 2720 κῦμα
1551 2655 1887 2709 κυλίνδεται.“

154 2740 243 2792 De
285 2761 309 2789 τ
350 2748 403 2790 et
447 2755 490 2806 ψ
526 2741 847 2810 permutatis
908 2740 1018 2792 vid.
1077 2739 1304 2793 Person.
1352 2742 1419 2794 ad
1468 2743 1615 2794 Med.
1655 2744 1774 2798 555.
1825 2745 1885 2819 in

154 2826 498 2880 Addendis.“
573 2825 850 2878 Gaisford.
890 2828 956 2879 ad
983 2829 1165 2900 Heph.
1207 2830 1397 2900 [2536.
1439 2849 1626 2882 versus
1663 2831 1728 2883 ad
1764 2853 1886 2885 me-

157 2916 229 2968 tri
274 2915 467 2966 saltem
501 2913 742 2967 formam
788 2915 864 2966 sic
914 2927 1036 2988 apte
1083 2918 1257 2987 redigi
1294 2935 1448 2986 posse
1495 2928 1705 2970 censet:
1764 2916 1877 2973 τόδ’

155 2997 267 3054 εὖτε
307 3006 438 3065 κῦμα
491 3007 558 3072 τῷ
604 3004 960 3074 προτερώνέμῳ
1011 3008 1181 3074 Στίχει
1226 3008 1428 3070 παρέξει
1470 3004 1514 3058 δ’
1557 3004 1681 3073 ἄμμι
1716 3005 1886 3062 πόνων

158 3089 318 3141 πολὺν
375 3088 600 3144 Ἇντλον.
661 3093 921 3144 hactenus
972 3103 1146 3155 recte,
1210 3092 1643 3161 quod-metrum
1692 3095 1883 3148 Alcai-

161 3195 286 3228 cum
346 3199 459 3232 esse
518 3181 694 3245 vidit,
782 3190 833 3232 et
891 3180 1036 3250 quod
1096 3178 1203 3232 τόδ’
1255 3200 1358 3252 pro
1416 3177 1472 3234 τὸ
1531 3181 1579 3235 δ’
1639 3182 1881 3252 scripsit3

160 3263 466 3318 Blomfield.
518 3266 628 3320 τόδ’
672 3260 794 3321 αὖτε
832 3262 1067 3337 κῦμα’τῷ’
1105 3272 1329 3337 προτέρῳ
1362 3267 1486 3332 ὁμὸν
1523 3271 1738 3338 Στείχει,
1776 3290 1880 3321 πα-

158 3354 287 3420 ρέξεῠ
336 3351 386 3404 δ’
441 3350 566 3422 ἄμμι
611 3353 770 3410 πόνον
816 3355 977 3410 πολύν
1013 3355 1245 3423 Ἀντλῆν.
1319 3356 1387 3410 cf.
1442 3360 1724 3425 Quarterly
1775 3376 1881 3410 rev.
