2293 3650
983 225 1060 263 lx

162 367 225 432 τῇ
250 356 449 430 ποιήσει
468 354 715 429 μιμητής,
753 360 1079 410 similitudine
1106 358 1334 424 proxime
1370 358 1618 424 sequentis
1650 360 1881 408 vocabuli

160 477 391 540 deceptus
433 474 496 522 ad
530 469 557 524 ὅ
586 473 642 525 ἒν
668 476 729 545 τῇ
755 467 960 540 μιμήσει
981 462 1202 536 μιμητής
1227 471 1450 517 aberrare
1482 470 1677 535 potuit,
1729 487 1883 536 quam

156 596 354 648 contra,
419 603 580 653 quum
615 586 711 634 1100
755 589 978 652 legisset,
1040 573 1245 644 ποιήσει
1282 600 1370 645 pro
1411 574 1616 647 μιμήσει
1649 583 1879 630 scribere.

153 696 396 759 Accedit,
436 699 602 765 quod,
645 717 804 766 quum
837 695 980 746 Plato
1008 693 1125 741 inde
1164 710 1190 740 a
1224 711 1272 757 p.
1303 696 1419 740 600.
1460 689 1521 741 Ε.
1562 692 1622 741 de
1658 695 1880 741 universa

152 811 394 876 μιμητικῇ
422 810 741 875 disputasset,
793 824 929 854 nunc
965 824 1022 853 ea
1059 804 1123 853 ad
1161 815 1356 869 partem
1387 805 1490 850 eius
1515 819 1603 850 seu
1632 803 1876 869 {specie1u‚

152 916 246 987 τὴν
280 923 507 989 ποίησιν,
555 921 815 968 transfert:
864 917 1001 986 quod
1039 926 1170 965 recte
1215 916 1321 963 fieri
1361 932 1467 964 non
1507 925 1731 981 poterat,
1779 918 1876 965 nisi

149 1034 391 1081 vocabulo
413 1034 596 1098 speciei
623 1035 782 1098 posito
799 1070 811 1092 ‚
851 1029 907 1080 ἓν
934 1031 992 1096 τῇ
1015 1024 1234 1095 ποιήσει.

290 1253 369 1304 De
398 1258 510 1305 1000
534 1254 730 1305 Horatii
755 1253 920 1320 Satyr.
948 1260 998 1316 2,
1024 1260 1074 1316 2,
1105 1258 1189 1303 29.
1222 1253 1408 1314 nescio,
1438 1222 1643 1300 srectene
1668 1262 1871 1300 senten-

144 1370 269 1416 tiam
297 1365 463 1416 Tuam
483 1379 730 1417 assecutus
760 1372 870 1416 sim.
944 1362 1147 1414 Videris
1184 1366 1322 1412 enim
1353 1374 1403 1411 et
1437 1362 1531 1412 hac
1566 1373 1614 1410 et
1658 1360 1748 1410 illa
1782 1381 1870 1429 pro

143 1480 372 1527 ablativis
400 1479 613 1543 habere,
654 1497 872 1548 quormn
905 1481 993 1527 ille
1028 1495 1146 1526 cum
1175 1495 1320 1524 carne
1355 1474 1639 1540 iungendus
1664 1475 1752 1536 sit,
1788 1473 1870 1522 hic

144 1608 171 1636 e
220 1593 378 1655 magis
425 1591 671 1655 pendeat,
723 1593 881 1656 magis
928 1606 1083 1657 quam
1128 1590 1246 1651 illa3
1312 1588 1449 1655 quod
1483 1585 1612 1634 mihi
1663 1585 1870 1653 quidem

144 1702 465 1748 durissimum
500 1702 714 1747 videtur.
803 1697 1002 1747 Deinde
1034 1699 1191 1762 figura
1225 1701 1341 1758 illa,
1393 1715 1521 1764 quae
1548 1715 1750 1761 zeugma
1777 1714 1870 1745 vo-

144 1822 311 1873 catur,
361 1810 490 1858 mihi
528 1809 737 1877 quidem
769 1811 825 1856 111
863 1810 1139 1855 sententiae
1178 1812 1414 1855 membris
1460 1810 1566 1872 pari
1609 1818 1779 1855 tenore
1816 1827 1866 1855 se

143 1926 495 1972 comitantibus
530 1925 703 1970 locum
735 1920 920 1967 habere
958 1937 1098 1985 posse
1139 1919 1360 1980 videtur,
1409 1911 1544 1965 iniis
1582 1935 1709 1984 quae
1739 1920 1868 1966 inter

145 2056 194 2083 se
224 2038 446 2101 opposita
473 2045 615 2093 emit,
653 2043 710 2081 ut
731 2031 990 2093 hocloco,
1031 2050 1177 2079 carne
1211 2030 1305 2078 lzac
1329 2031 1487 2095 magis
1520 2027 1610 2076 illa
1644 2041 1863 2096 captum,

145 2146 411 2213 imparibus
435 2145 627 2216 formis
656 2144 932 2210 deceptum,
981 2161 1085 2191 non
1110 2147 1248 2191 item.
1339 2139 1512 2203 Quare
1550 2142 1785 2208 equidem
1811 2146 1864 2190 111

141 2261 335 2323 vulgari
358 2260 766 2323 interpretatione
793 2259 1082 2322 acquiesco,
1138 2256 1356 2321 quamvis
1383 2252 1476 2300 hac
1503 2271 1648 2299 carne
1682 2248 1862 2318 (galli-

139 2366 255 2435 nae)
285 2368 410 2418 nihil
429 2373 587 2436 magis
618 2369 769 2417 distat
797 2366 887 2420 illa
916 2364 1052 2434 (caro
1077 2363 1370 2433 pavonina),
1403 2377 1561 2411 tamen
1587 2362 1861 2430 disparibus

125 2480 317 2552 formis
353 2494 445 2532 etc.
534 2480 683 2531 Nihil
715 2482 874 2548 magis
913 2477 1104 2529 Graeco
1141 2498 1278 2527 more
1323 2477 1515 2524 dictum
1548 2477 1735 2542 accipio
1773 2495 1862 2542 pro

138 2594 300 2641 nihilo
337 2598 522 2659 magis,
575 2591 720 2645 οὐδέν
756 2615 805 2645 τι
833 2588 1043 2658 μᾶλλον·
1094 2610 1215 2640 nam
1243 2592 1400 2656 magis
1429 2587 1611 2637 distare
1637 2605 1724 2654 pro
1751 2585 1863 2654 pla:

142 2705 239 2753 dici
264 2724 369 2754 11011
395 2724 534 2771 posse
558 2717 697 2772 puto.

263 2927 452 2980 ‚Habes
485 2948 668 3001 meum,
721 2938 778 2976 ut
813 2945 931 2978 cum
967 2925 1206 2977 Cicerone
1255 2928 1461 2991 loquar,
1512 2924 1572 2971 de
1608 2925 1729 2972 locis
1765 2926 1862 2971 illis

142 3039 440 3104 Platonicis,
497 3037 863 3103 Grossmanne,
918 3038 1180 3100 iudicium,-
1247 3034 1375 3103 quocl
1422 3047 1504 3082 aut
1548 3054 1768 3102 sequere,
1823 3037 1865 3081 si

141 3152 451 3217 probaveris,
490 3165 573 3199 aut
608 3153 715 3200 Tuo
754 3151 907 3200 stabis
942 3149 1142 3200 iudicio.
1226 3146 1288 3196 Ῑη
1326 3167 1419 3215 quo
1458 3152 1606 3216 neilue
1635 3145 1862 3214 pugnabo

151 3262 355 3323 Tecum,
397 3285 544 3333 neque
571 3263 660 3314 hoc
698 3285 848 3313 meum
884 3284 1090 3330 unquam
1118 3260 1382 3331 affirmabo
1411 3264 1569 3309 verius
1596 3279 1693 3308 esse
1720 3277 1864 3324 quam
