2293 3650
1071 238 1108 300 5

219 409 320 446 nec
354 389 544 453 video,·
581 407 679 444 cur
717 408 827 442 non
861 388 1164 456 Alcaeum,
1201 399 1419 463 poetam
1459 394 1696 447 eundem
1730 405 1785 448 et
1819 406 1944 452 mu-‘

219 478 419 541 sicum,
466 477 631 529 metri
668 476 879 546 Alcaici
913 479 1256 531 inventorem
1296 478 1604 532 habeamus.
1687 483 1755 534 In
1796 492 1945 536 stru-

219 573 371 616 ctura
420 575 602 616 autem
654 563 919 617 orationis
969 566 1149 618 iudice
1194 564 1467 635 Dionysio
1507 569 1778 622 eminebat
1824 591 1945 623 me-

170 692 182 700 .
219 650 474 703 diocritas
516 670 604 711 ea,
642 669 779 721 quae
812 649 1056 704 numeris
1095 658 1147 701 ct
1184 651 1389 702 severis
1429 663 1482 705 et
1518 655 1768 708 iucundis
1803 667 1946 711 tem-

215 747 407 809 perata
448 747 526 790 est
558 741 657 800 ¹⁵).
750 737 1009 792 Carmina
1047 736 1161 788 eius
1199 736 1257 788 in
1299 738 1486 806 decem
1523 741 1694 793 libros
1739 744 1944 814 digesta

216 835 376 878 crant
412 845 442 878 a
482 825 888 878 Grammaticis.
929 823 1039 875 vid.
1078 821 1147 874 fr.
1185 824 1448 879 XXXV.

359 909 517 978 Quae
563 914 845 982 praeterea
880 909 1074 963 Alcaei
1125 905 1367 964 carmina
1420 927 1942 980 commemorantur,

214 997 281 1048 ad
328 996 499 1048 alium
547 998 931 1067 cognominem
980 997 1230 1069 poetam,
1280 1019 1393 1052 non
1429 1002 1497 1072 ad
1536 1003 1808 1072 lyricum,
1850 1024 1944 1057 re-

211 1082 441 1135 ferenda
479 1083 752 1137 videntur.
827 1088 1126 1152 Παρθενεῖα
1159 1086 1398 1155 quidem,
1439 1108 1577 1158 quae
1615 1100 1802 1144 nostro
1842 1091 1945 1144 tri-

212 1169 454 1222 buuntur
488 1171 545 1223 in
583 1171 797 1225 Fabric.
838 1172 977 1224 Bibl.
1023 1191 1102 1241 gr.
1144 1172 1211 1223 Τ.
1251 1174 1320 1226 ΙΙ.
1368 1195 1417 1246 p.
1460 1176 1547 1230 86.
1596 1178 1680 1229 ed.
1717 1179 1874 1230 Harl.
1911 1198 1943 1230 a

208 1255 505 1310 Plutarcho
544 1260 610 1312 de
644 1260 831 1311 music.
873 1278 927 1330 p.
970 1260 1117 1313 1156.
1153 1277 1265 1311 non
1303 1260 1542 1326 Alcae0‚
1578 1265 1672 1316 sed
1709 1264 1942 1317 Alcma-

211 1344 270 1396 ni
301 1345 704 1400 adscribuntur.
782 1349 1145 1412 Ganymeden,
1182 1351 1592 1415 Endymionem,
1629 1353 1941 1416 Pasiplzac'n

211 1430 423 1486 Comici
461 1434 550 1485 vel
588 1434 811 1502 Tragici
840 1436 1032 1504 ‘potius
1078 1434 1274 1498 fuisse,
1335 1437 1567 1488 ostendit
1604 1436 1834 1492 Casaub.
1872 1437 1939 1490 ad

205 1516 412 1572 Athen.
451 1521 551 1583 III,
594 1520 675 1573 24.
724 1541 776 1593 p.
818 1522 937 1575 206.
1002 1569 1006 1573 .

349 1591 675 1657 Carminium
726 1608 917 1660 Alcaei
969 1609 1249 1661 editiones,
1279 1621 1662 1664 memorantur
1699 1611 1764 1664 ab
1799 1611 1940 1665 Ari-

209 1691 474 1762 stophane
512 1703 565 1744 ct
608 1693 930 1745 Aristarcho
981 1694 1151 1746 factae
1198 1696 1263 1746 ab
1302 1698 1711 1768 Hephaestione
1762 1719 1814 1770 p.
1856 1699 1937 1766 74.

207 1784 294 1848 (p.
340 1764 476 1832 154.
510 1779 594 1830 ed.
634 1777 837 1843 Gaas.)
913 1779 997 1831 cf.
1036 1780 1329 1833 viiloison.
1385 1785 1602 1852 proleg.
1651 1784 1717 1835 ad
1767 1786 1937 1838 Hom.

205 1883 261 1937 p.
297 1865 454 1919 LIX.
528 1867 708 1917 Schol.
755 1865 1042 1937 Aristoph.
1091 1866 1232 1918 Plut.
1282 1868 1401 1922 255.
1475 1871 1939 1940 Callias-Mytile-

204 1971 373 2005 naeus
410 1951 436 2006 ὅ
477 1950 569 2022 τὴν
597 1951 796 2017 Σαπφὼ
835 1955 916 2004 καὶ
954 1952 1040 2005 τὸν
1065 1952 1302 2006 Ἀλκαῖον
1337 1952 1696 2025 ἐξηγησάμενος
1722 1977 1937 2011 memo-

203 2050 454 2093 moratur
504 2061 533 2093 a
587 2041 762 2091 Strab.
813 2041 973 2092 Xssf.
1018 2060 1071 2112 p.
1105 2060 1221 2112 919.
1275 2043 1454 2110 idem,
1492 2045 1588 2112 qui
1625 2048 1679 2097 ἓν
1714 2051 1783 2114 τῷ
1823 2048 1938 2112 περὶ

204 2131 296 2194 τῆς
345 2127 479 2194 παρὰ
527 2131 597 2195 τῷ
639 2126 847 2194 Ἀλκαίῳ
895 2127 1110 2189 λεπάδος
1170 2129 1424 2181 laudatur
1471 2132 1537 2182 ab
1587 2132 1794 2185 Athen.
1834 2135 1936 2186 IH.

203 2233 255 2284 p.
296 2213 379 2266 85.
416 2215 482 2267 F.
555 2214 921 2266 Dicaearchus
960 2216 1290 2279 Messeniu3‚
1343 2218 1656 2270 Aristotelis
1694 2221 1934 2291 discipu-

201 2301 287 2352 lus
336 2301 390 2352 ἓν
435 2305 504 2369 τῷ
544 2303 658 2370 περὶ
697 2302 932 2354 Ἀλκαίου
975 2303 1168 2353 citatur
1218 2303 1284 2353 ab
1333 2303 1538 2355 Athen.
1577 2307 1674 2357 III.
1723 2327 1773 2378 p.
1810 2307 1932 2362 460.

203 2398 341 2440 extr.
390 2388 518 2441 XV.
563 2411 615 2463 p.
668 2391 785 2444 668.
823 2390 885 2440 Ε.
945 2410 998 2461 p.
1037 2392 1154 2443 666.
1196 2392 1257 2443 B.
1310 2399 1362 2441 et
1413 2390 1592 2443 Schol.
1641 2393 1927 2466 Aristoph.

199 2475 325 2529 Pac.
368 2478 518 2531 1245.
594 2479 881 2531 Seleucum
923 2478 1086 2531 etiam
1140 2481 1207 2532 dc
1244 2478 1454 2533 Alcaeo
1500 2482 1804 2554 scripsisse,
1863 2503 1931 2536 ex

317 2686 497 2745 Σαπφώ
533 2714 590 2721 -
633 2687 1078 2748 μικράς’ἕποιοῧντο
1120 2690 1340 2748 στροᾳιές,
1382 2689 1495 2738 ὥστε
1540 2693 1587 2737 ἓν
1635 2692 1807 2752 &Myous
1836 2696 1931 2738 τοῖς

316 2758 482 2806 κώλοις
524 2761 577 2806 ου’
617 2763 789 2808 πολλάς
832 2762 1010 2823 εἰσῆγον
1051 2764 1134 2810 τὰς
1170 2765 1456 2823 μεταβολάς,
1500 2765 1686 2824 ἐπῳδοῖς
1728 2787 1778 2813 ’τε
1808 2768 1929 2816 πάνυ

316 2832 511 2892 ἐχρῶντο
541 2832 730 2893 ὀλίγαις.
1495 2888 1498 2890 ,

261 2908 333 2960 15)
363 2904 558 2964 Dionys.
592 2912 694 2955 Hal.
728 2912 781 2955 de
812 2922 968 2958 struet.
1003 2915 1072 2958 24.
1111 2932 1141 2972 p
1189 2917 1288 2972 572.
1322 2917 1389 2959 ed.
1424 2917 1600 2962 Schaef.
1634 2919 1714 2962 ubi
1745 2920 1800 2964 de
1827 2922 1929 2964 Ho-

318 2997 474 3026 mero:
506 2982 597 3027 πᾶς
626 2983 713 3041 γὰρ
745 2983 866 3040 αὐτῷ
897 2983 1047 3039 τόπος,
1078 2985 1131 3031 οὗ
1146 3003 1213 3031 τις
1243 2986 1300 3031 ἄν
1330 2986 1528 3045 ἅψηται,
1556 2992 1658 3055 fais
1688 3009 1738 3035 τε
1754 2989 1929 3048 αὖστη-

319 3057 420 3111 ραῖς
459 3063 534 3100 καὶ
574 3063 673 3102 ταῖς
716 3058 969 3116 γλαφυραῖς
1012 3059 1251 3116 οἶρμοιίἀις
1283 3057 1343 3103 εἷς
1377 3061 1515 3118 ἄκρον
1546 3060 1927 3109 διαπεποίκιλται.

320 3126 422 3170 Τιὸν
466 3125 512 3171 δ’
555 3129 708 3174 ἄλλων
748 3129 842 3175 ὅσοι
883 3131 966 3188 τὴν
997 3131 1141 3189 αὖτὴν
1171 3135 1323 3188 ἐκείνῳ
1353 3133 1580 3193 μεσότητα
1612 3135 1925 3193 ἐπετήδευσαν,

313 3198 496 3260 ὕστεροι
521 3205 605 3258 μὲν
633 3204 795 3248 ἐκεῖνοι
817 3205 976 3262 μῖακριῇ
997 3203 1112 3264 παρ’
1137 3205 1336 3263 (Όμηρον
1367 3206 1679 3263 ἐξεταζόμενοι
1703 3204 1924 3265 φαίνοιντ’

318 3270 404 3314 ἄν·
442 3272 565 3319 καθ’
598 3276 783 3321 ἑαυτοὺς
813 3274 858 3321 δ’
892 3275 934 3320 εἰ
960 3283 1163 3335 θεωροίη
1194 3295 1261 3324 τις
1293 3277 1477 3335 αὐτοὺς,
1522 3284 1818 3335 ἀξιοθέατοι,
1844 3298 1927 3338 με-

319 3341 515 3391 λοποιῶν
541 3349 626 3404 μὲν
656 3348 934 3410 Στησίχορός
964 3368 1013 3410 ᾖτε
1043 3358 1118 3396 καὶ
1146 3348 1354 3399 Ἀλκαῖος
1382 3372 1422 3399 κ.
1451 3372 1493 3399 τ.
1523 3355 1563 3399 λ.
