2293 3650
1159 250 1242 308 22

340 418 439 470 ἔτι
486 411 598 466 τὰν
644 405 870 466 πόλιν,
929 402 961 456 ἆ
1007 402 1069 456 δ’
1107 405 1333 473 ἔχεται
1385 401 1622 472 ῥοπᾶς]
1683 402 1818 473 παρὰ
1858 399 1918 456 τὰ
1943 401 2066 455 Ἀλ-

342 509 515 558 καίου·
559 498 778 563 ’Ὡνησεν
812 487 961 552 οὗτος
995 490 1081 543 καὶ
1115 485 1410 554 μαινόμενος
1443 487 1502 542 τό
1540 494 1666 560 μέγα
1702 490 1897 561 κράτος.
1943 487 2065 560 τάχα

342 595 546 659 τρέψεις
578 580 672 652 τήν
706 577 890 634 πόλιν·
937 575 970 630 ἆ
1006 578 1060 631 δὲ
1098 580 1257 648 ἔχεται
1296 575 1478 644 ῥοπᾶς·
1517 577 1630 631 ἀντὶ
1666 583 1756 630 τοῦ
1792 582 1916 647 μέγα
1946 575 2068 647 κρά-

341 698 443 738 τος.
484 671 640 732 οὕτως
676 667 901 728 Αἰολεῖς.
960 675 1013 717 et
1065 667 1132 718 ad
1182 685 1235 717 v.
1278 663 1428 717 1228.
1491 667 1546 717 ἐκ
1591 668 1689 717 τῶν
1729 664 1966 720 Ἀλκαίου
2012 665 2069 720 δὲ

341 761 566 832 παρῳδεῖ
601 763 671 819 εἷς
705 755 919 809 Κλέωνα
955 750 1021 813 ὥς
1056 749 1366 817 μαινόμενον.

483 846 718 901 Ursinus
756 862 811 914 p.
843 841 959 894 106,
997 838 1196 891 Blomf.
1232 857 1318 891 nr.
1344 838 1542 892 XXV.
1589 838 1765 891 Gaisf.
1793 839 1860 891 ad
1889 840 2073 912 Heph.

342 957 399 1010 p.
437 936 558 1005 275.
611 943 666 986 et
711 932 911 984 Herm.
966 927 1126 980 elem.
1176 927 1346 979 doctr.
1400 947 1474 983 m.
1525 946 1578 1000 p.
1618 927 1738 982 365.
1788 926 1861 979 ita
1907 928 2075 979 citant

344 1024 540 1080 Alcaei
578 1037 797 1074 versus:

523 1103 794 1176 ὦνθρωφ’,
829 1096 976 1164 οὗτος
1012 1099 1037 1155 ὅ
1075 1095 1368 1169 μαινόμενος
1401 1099 1460 1153 τὸ
1496 1103 1620 1169 μέγα
1658 1099 1855 1168 κράτος,

524 1195 789 1264 ἇντρέψεις
827 1194 902 1246 ἔτι
935 1189 1026 1243 τὰν
1060 1190 1243 1243 πόλιν·
1279 1186 1310 1241 ἆ
1346 1187 1399 1241 δ’
1429 1190 1591 1256 ἔχεται
1627 1191 1800 1257 ῥοπᾶς.

350 1303 518 1356 quam
551 1282 879 1352 scripturam
911 1278 1135 1331 adscivit
1166 1276 1370 1330 Blomf.
1441 1277 1521 1327 lta
1557 1285 1799 1327 metrum
1836 1284 1915 1327 est
1950 1294 2081 1327 aeo-

349 1375 540 1425 licum.
621 1369 694 1419 Et
731 1385 861 1419 sane
895 1363 1017 1435 τάχα
1052 1369 1255 1434 τρέψεις
1292 1383 1360 1416 ex
1406 1363 1860 1435 interpretatione
1895 1373 2084 1415 ortum

353 1478 471 1512 esse
517 1465 722 1528 potest,
783 1473 955 1524 quum
1003 1452 1396 1524 Aristophanis
1445 1451 1613 1503 verba
1663 1451 1846 1503 Schol.
1908 1451 1976 1502 ad
2026 1469 2080 1501 v.

355 1545 512 1600 1228.
574 1544 649 1596 ita
697 1542 959 1612 explicet:
1007 1539 1303 1607 ἀνατρέψεις
1349 1541 1530 1607 ταχέως
1575 1536 1668 1607 τὴν
1719 1534 1885 1590 πόλιν.
1973 1537 2083 1589 Sed

354 1634 560 1687 haereo
608 1631 668 1683 in
716 1627 898 1680 verbis
946 1625 1058 1677 ἀντὶ
1113 1631 1201 1678 τοῦ
1249 1628 1373 1692 μέγα
1423 1621 1617 1690 κράτος.
1663 1621 1822 1685 οὕτως
1859 1624 2084 1686 Αἰολεῖς.

355 1720 484 1775 An:
529 1715 586 1771 τὸ
622 1721 746 1787 μέγα
785 1711 963 1784 κράτος
1002 1710 1113 1765 ἀντὶ
1151 1714 1240 1764 τοῦ
1279 1712 1560 1780 κρατερῶςὶ)

497 1872 626 1925 XV.
686 1867 953 1939 Apollon.
1004 1865 1171 1934 Dysc.
1216 1863 1347 1915 Exc.
1395 1879 1451 1930 p.
1488 1860 1609 1915 450.
1665 1863 1733 1917 Β,
1814 1863 2085 1937 Aponon,

354 1959 527 2029 Dysc.
571 1957 639 2009 de
687 1974 850 2027 pron.
899 1971 954 2023 p.
994 1951 1117 2008 584.
1166 1950 1229 2002 Β.
1269 1950 1351 2001 ed.
1394 1949 1658 2001 Bekker.:
1732 1948 1790 2002 τὰ
1828 1953 1918 2021 γὰρ
1954 1955 2087 2026 παρῖ

357 2044 630 2099 Αἰολεῦσιν
680 2046 824 2096 ἕνεκα
871 2044 962 2111 τῆς
1008 2032 1284 2103 συντάξεως
1330 2031 1573 2099 πολλάκις
1617 2035 1904 2107 ἀποβάλλει
1952 2042 2009 2096 τὸ
2058 2064 2088 2097 ν

360 2131 429 2186 δι’
461 2131 726 2200 εὐφωνίαν,

699 2214 871 2271 ἄεισον
902 2209 1032 2283 ὔμμι
1066 2208 1154 2265 τὰν
1190 2206 1445 2264 ῑόκολπον.

704 2309 759 2358 αῖ
795 2304 852 2357 δέ
883 2301 934 2354 κ’
964 2298 1089 2366 ἄμμι
1127 2295 1250 2359 Ζεὺς
1288 2300 1463 2371 τελέσῃ
1501 2293 1689 2367 νόημα.

363 2389 606 2454 Ἀλκαῖος
653 2393 738 2445 καὶ
787 2388 874 2442 ἐπ’
917 2385 1084 2439 ἄλλων
1133 2385 1222 2452 μὲν
1268 2405 1370 2437 ειτε
1414 2386 1500 2437 ἐπὶ
1545 2388 1637 2437 τοῦ
1686 2382 1840 2453 ὔμμιν
1888 2388 2090 2445 ἆθανᾶ-

360 2499 470 2531 τοιο
502 2488 721 2532 εοῖνικαν
756 2475 999 2536 Ἀλκαῖος
1034 2476 1183 2542 τρίτῳ
1220 2472 1305 2523 καὶ.
1343 2471 1432 2524 ἐπ’
1472 2470 1640 2526 ἄλλων
1675 2471 1934 2531 πλειόνων.

501 2582 707 2636 Blomf.
756 2599 844 2634 nr.
888 2576 1098 2631 LXVI.
1145 2575 1393 2630 LXVII.
1492 2577 1704 2630 Ultima
1752 2579 1968 2648 egregie
2015 2581 2092 2634 sic

367 2671 680 2724 emendavit
713 2670 910 2723 Herm.
947 2665 1006 2719 in
1042 2663 1196 2719 Add.
1232 2665 1301 2717 ad
1343 2664 1511 2734 Greg.
1549 2665 1680 2718 Cor.
1717 2666 1784 2718 ed
1812 2665 2093 2721 Schaefer.

364 2778 418 2828 p.
455 2759 579 2813 886.
639 2759 723 2811 καὶ
760 2755 848 2809 ἐπ’
890 2751 1073 2806 ἄλλων.
1129 2756 1266 2821 με’νει
1301 2775 1355 2805 τε
1391 2755 1480 2805 ἐπὶ
1515 2756 1603 2804 τοῦ
1644 2750 1830 2819 ὔμμιν,
1895 2752 2093 2819 ὔμμιν

365 2843 696 2898 ἀθάνατοι
744 2844 902 2898 θεοὶ
949 2844 1153 2895 νικᾶν.
1212 2838 1445 2901 Ἀλκαῖος
1480 2844 1655 2908 τρίτῳ,
1687 2841 1771 2893 καὶ
1809 2841 1895 2894 ἐπ’
1927 2840 2094 2896 ἄλλων

367 2928 630 2985 πλειόνων.
714 2931 812 2986 Ad
857 2929 1026 2985 verba
1063 2927 1259 2982 Alcaei
1303 2928 1670 3001 supplendum
1719 2927 1899 2981 videri
1941 2928 2095 2993 δοῖεν,

370 3030 423 3072 et
470 3031 710 3072 metrum
770 3037 883 3071 esse
939 3015 1389 3068 choriambicum.
1489 3017 1616 3068 Hoc
1665 3015 1866 3068 Blomf.
1913 3017 2096 3084 posuit

369 3127 456 3160 nr.
502 3107 777 3160 LXVIII.
861 3105 942 3158 Ut
978 3105 1111 3165 hoc,
1161 3103 1236 3155 sic
1273 3105 1603 3174 praecedens
1642 3105 1807 3156 ctiam
1845 3101 1916 3155 fr.
1951 3107 2005 3154 αἱ
2040 3103 2098 3156 δέ

369 3196 420 3249 κ’
451 3193 577 3262 ἄμμι
613 3187 735 3254 Ζεὺς
770 3191 948 3259 τελέσῃ
987 3188 1180 3259 νόημα,
1219 3191 1363 3260 quod
1403 3201 1481 3244 est
1519 3191 1686 3244 metri
1708 3190 1985 3263 Sapphici,
2026 3193 2096 3244 ad

375 3283 618 3336 carmina
664 3282 858 3333 bellica
905 3279 1235 3352 pertinuisse
1272 3279 1510 3332 videtur.
1593 3279 1682 3331 De
1715 3278 1914 3349 fragm.
1947 3278 2092 3350 quod

374 3372 619 3441 primum
655 3368 938 3441 adscripsit
971 3368 1238 3440 Apollon.
1270 3366 1381 3420 vid.
1420 3385 1504 3420 nr·
1544 3365 1740 3421 XXV.
