2293 3650
1154 245 1240 306 28

324 410 382 463 ἐκ
428 403 482 461 δ’
522 404 695 475 ὥρανῶ
744 402 782 456 i.
821 420 870 457 e.
917 398 1161 468 οὐρανοῦ,
1232 394 1341 450 nisi
1384 399 1531 468 quod
1579 397 1739 469 ὀρανῶ
1787 397 2055 470 scriptum

325 493 599 569 oportuit,
657 499 720 543 ut
775 487 1102 541 iamdudum
1159 484 1376 536 monuit
1420 486 1674 541 Muretus
1730 488 1800 541 ad
1857 487 2056 539 Horat.

325 602 494 642 carm.
534 582 575 645 Ι,
613 596 663 649 9.
714 576 823 630 vid.
862 570 1182 629 Hemsterh.
1222 572 1291 625 ad
1328 572 1539 629 Polluc.
1574 573 1653 639 X,
1698 574 1809 626 124.
1859 573 2058 626 lauda-

322 679 408 720 tus
456 664 676 719 Koenio
726 663 792 716 ad
842 663 1082 733 Gregor.
1134 660 1262 712 Cor.
1313 678 1366 731 p.
1417 663 1531 732 195.
1592 662 1746 733 Lips.
1835 660 2055 730 Fragm.

324 753 578 828 Sapphus
617 750 966 823 alp-Volger.
1007 758 1085 801 est
1117 767 1202 800 nr.
1231 745 1420 800 LXV·
1458 765 1514 818 p·
1548 751 1667 801 125.
1740 746 1899 815 Quae
1935 757 2059 819 post

320 841 628 894 secundum
665 858 887 891 versum
925 836 1152 899 desunt,
1194 835 1452 907 supplere
1483 844 1707 888 conatus
1743 844 1820 887 est
1855 835 2063 887 Grote-

320 928 472 984 send.
520 947 609 1000 ap.
657 923 963 993 Schweigh.
1009 922 1204 977 Anim.
1252 923 1322 975 Τ.
1364 921 1438 976 V.
1486 942 1542 996 p.
1590 922 1713 977 406.
1773 921 1841 972 ad
1893 938 2061 989 quem

322 1017 542 1086 ablegO,
590 1013 687 1082 qui
733 1010 925 1062 talium
962 1010 1184 1062 lusuum
1233 1010 1462 1081 cupidus
1498 1020 1592 1064 est.
1633 1041 1705 1050 —
1768 1011 1822 1061 ἐν
1860 1005 1915 1061 δὲ
1952 1025 2062 1075 κιρ-

321 1103 430 1164 οάὶς
476 1103 557 1166 (i.
594 1121 641 1153 e.
673 1094 895 1169 ἐγκιρνὰς
931 1096 1027 1164 δέ)
1088 1097 1170 1150 ed.
1207 1095 1355 1150 Ven.
1397 1097 1516 1150 Cas.
1553 1115 1604 1148 2.
1641 1097 1840 1150 rectius
1874 1099 2062 1162 κῖρναις

323 1189 551 1244 Casaub.
594 1207 637 1239 1.
676 1196 730 1239 et
768 1187 968 1240 Herm.
1005 1185 1164 1238 elem.
1202 1183 1372 1236 doctr.
1409 1203 1482 1236 111.
1518 1203 1573 1257 p.
1612 1185 1731 1238 688.
1819 1183 1904 1236 De
1941 1182 2061 1233 for-

321 1298 414 1333 ma
450 1277 641 1350 partic.
684 1272 990 1342 Schweigh.
1037 1271 1226 1324 laudat
1261 1272 1542 1325 Maittaire
1579 1272 1648 1324 de
1692 1272 1821 1325 dial.
1858 1291 1912 1342 p.
1941 1272 2061 1340 259-

321 1367 506 1419 Koen.
546 1363 615 1416 ad
655 1361 823 1431 Greg.
862 1379 917 1431 p.
952 1361 1017 1431 95
1055 1378 1130 1428 sq.
1169 1365 1251 1431 (p.
1290 1376 1392 1413 210
1430 1378 1546 1431 sqq.
1583 1359 1764 1432 Lips.)
1799 1388 1870 1399 —
1934 1356 2062 1424 ἀμφὶ

320 1449 604 1524 γνόφαλλον
651 1448 775 1503 edd.
816 1447 1016 1503 Venet.
1052 1448 1176 1500 Bas.
1230 1456 1284 1500 et
1329 1447 1408 1499 sic
1457 1447 1765 1515 Schweigh.
1819 1444 1938 1497 cod.
1989 1443 2064 1497 A.

320 1535 610 1610 γνάφαλὶ.ον
658 1535 888 1588 Casaub.
941 1536 1036 1605 qui
1079 1533 1486 1602 ἇμφικνέᾳαλον,
1541 1544 1596 1586 ut
1643 1533 1831 1586 Ursin.
1879 1520 2080 1594 habet:

321 1626 587 1690 malebat,
646 1623 815 1676 citans
855 1623 1064 1674 Polluc.
1097 1623 1188 1683 X,
1226 1624 1287 1685 6,
1328 1622 1411 1676 56.
1474 1630 1528 1674 et
1563 1630 1754 1672 notam
1791 1638 1948 1671 suam
1994 1618 2065 1671 ad

321 1711 532 1767 Athen.
569 1712 647 1765 X.
692 1729 750 1782 Ρ.
787 1708 908 1761 450.
957 1707 1036 1763 A.
1083 1707 1367 1777 γνόφαλλον
1402 1727 1506 1779 pro
1544 1703 1687 1776 γνάφ.
1731 1706 1937 1761 Aeoles
1977 1705 2066 1758 di-

321 1800 465 1852 xisse
502 1797 794 1862 videntur,
843 1805 905 1849 ut
941 1794 1177 1863 στροτός,
1227 1792 1380 1864 πόϊρ,
1435 1792 1597 1862 πρόῦς
1632 1804 1732 1847 etc·
1769 1813 1873 1866 pro
1908 1814 2066 1863 στρα-

323 1883 438 1949 τός,
494 1883 643 1948 πάϊς,
701 1880 882 1953 πραΰς.
935 1883 1047 1934 vid.
1084 1882 1266 1935 Koen.
1301 1883 1369 1934 ad
1410 1882 1648 1952 Gregor.
1699 1901 1753 1953 p.
1792 1882 1912 1939 215.
1964 1885 2062 1952 (p.

322 1972 449 2027 455.
485 1972 668 2042 Lips.)
753 1970 842 2022 De
879 1988 1014 2022 voce
1053 1964 1199 2038 γνάφ.
1253 1981 1538 2019 tomentum
1593 1970 1704 2022 vid.
1742 1970 1944 2023 Pollux
1979 1970 2060 2034 X,

322 2060 412 2116 41.
448 2061 634 2130 ibique
676 2059 918 2128 Interpr.
953 2066 1008 2108 et
1040 2056 1359 2112 Hemsterh.
1407 2057 1474 2108 ad
1509 2057 1739 2109 Lucian.
1786 2058 1902 2111 ind.
1940 2076 2062 2109 voc.

322 2147 373 2200 4.
426 2148 499 2200 T.
529 2147 574 2198 Ι.
621 2165 672 2218 Ρ-
715 2148 836 2200 501.
884 2144 968 2197 ed.
1006 2143 1130 2215 Bip.
1211 2144 1384 2196 Recte
1419 2162 1555 2197 vero
1601 2145 1723 2197 Iani
1760 2145 2064 2197 correxisse

323 2234 573 2300 videtur,
623 2231 791 2301 μαλθ.
838 2229 1136 2301 ἆμφιτιθεὶς
1180 2251 1254 2299 yn.
1306 2241 1605 2304 praeeunte
1646 2232 1939 2302 Rutgersio
1977 2233 2061 2284 le-

323 2323 491 2375 ction.
534 2321 743 2376 Venus.
785 2338 830 2371 c.
869 2320 921 2372 4.
970 2338 1026 2392 p.
1065 2317 1186 2370 255.
1248 2319 1344 2387 qui
1379 2341 1430 2386 μ.
1469 2318 1599 2387 ἀμφὶ
1635 2321 1778 2371 τίθει
1813 2318 2062 2387 corrige-

324 2409 430 2462 bat.
464 2409 738 2475 ἀμφιτιθεῖ
780 2405 947 2459 habet
980 2404 1160 2462 Gaisf.
1202 2406 1271 2457 ad
1307 2405 1492 2477 Heph.
1539 2425 1596 2478 p.
1633 2407 1753 2461 556.
1810 2405 2058 2476 ἇμφιγνό-

324 2494 518 2561 φαλλον
565 2513 676 2546 una
720 2513 893 2557 voce,
956 2512 1081 2546 cum
1129 2493 1273 2546 notis
1325 2495 1552 2547 lacunae
1602 2503 1726 2566 post
1782 2493 1887 2544 hoc
1937 2512 2057 2548 voe.

324 2582 522 2634 Herm.
567 2580 605 2634 1.
653 2599 696 2633 c.
785 2580 1127 2652 Expressum
1177 2580 1308 2634 hinc
1343 2590 1423 2636 est
1462 2600 1688 2640 carmen
1736 2581 1879 2636 Hor.
1910 2581 1969 2647 I,
2007 2599 2058 2654 9.

327 2669 495 2722 etiam
529 2668 766 2722 alterum
804 2668 981 2740 Epod.
1025 2669 1106 2724 15.

467 2841 750 2898 XXVIII.
788 2860 834 2896 a.
873 2841 1060 2914 Pergit
1096 2841 1306 2897 Athen.
1344 2843 1418 2896 ib.
1455 2845 1647 2914 θέρους
1682 2843 1778 2898 δέ·

537 2932 677 2999 τέγγε
711 2929 999 2998 πλεύμονας
1036 2931 1178 3000 οἴνῳ·
1224 2929 1281 2985 τὸ
1317 2929 1406 3001 γὰρ
1441 2928 1624 3000 ἄστρον
1658 2927 2015 2999 περιτέλλεται,

534 3013 566 3068 ἆ
604 3015 656 3069 δ’
689 3014 792 3087 ὥρα
828 3016 1050 3089 χαλεποὶ,
1084 3016 1249 3071 πάντα
1284 3018 1341 3071 δὲ
1375 3018 1507 3091 διψᾷ
1543 3017 1647 3073 ὑπὸ
1682 3014 1948 3086 καύματος.

463 3100 652 3156 Ursin.
703 3123 757 3176 Ρ.
803 3122 921 3158 100.
1013 3103 1135 3159 Iani
1184 3125 1238 3178 Ρ.
1278 3103 1365 3160 24.
1455 3103 1659 3159 Blomf.
1711 3124 1798 3159 nr.
1833 3103 2054 3157 XVIII.

326 3188 503 3244 Iidem
537 3210 728 3245 versus
763 3194 1060 3248 laudantur
1094 3193 1160 3248 ab
1196 3193 1404 3248 Athen.
1428 3192 1473 3247 Ι.
1503 3212 1557 3266 p.
1587 3209 1672 3247 22.
1697 3193 1763 3248 F.
1809 3192 2060 3246 Eustath.·

329 3278 398 3330 ad
434 3279 542 3332 Od.
569 3274 621 3334 ι’.
657 3299 714 3353 p.
739 3282 861 3345 551,
904 3282 1219 3345 15:1612,
1260 3280 1341 3334 14.
1382 3279 1471 3351 (cf.
1512 3281 1751 3334 eundem
1784 3281 1850 3334 ad
1890 3282 1956 3335 ll.
1985 3277 2054 3351 η’.

328 3382 381 3435 Ρ.
417 3366 536 3438 693.
575 3368 624 3420 5.
658 3365 727 3436 μ’.
770 3387 825 3440 p.
864 3369 986 3441 896,
1023 3370 1136 3440 47.)
1188 3369 1386 3423 Proclo
1421 3367 1492 3422 ad
1526 3367 1754 3422 Hesiod.
1794 3371 1894 3441 ἔργ.
1931 3368 2051 3424 581.
