2293 3650
1014 255 1098 317 29
1195 338 1203 340 ἡ

195 430 250 483 p.
274 406 509 463 LXXV
510 408 581 462 ΙΙ.
613 409 662 461 b.
697 410 782 465 ed.
820 409 1084 466 Trincav.
1147 408 1397 473 Macrob.
1425 410 1645 470 Saturn.
1671 414 1806 480 VII,
1835 419 1916 476 15.

192 497 286 550 sed
321 495 430 547 alio
478 495 674 550 ordine
711 499 826 569 οἴνῳ
862 498 1116 567 πνεύμονα
1152 502 1327 569 τέγγε,
1382 503 1532 556 unde
1579 512 1730 558 recte
1764 505 1918 560 Gro-

189 582 392 637 tefend.
441 602 525 656 ap.
577 585 881 657 Schweigh.
929 587 1070 640 coni.
1129 587 1424 656 legendum
1475 593 1614 661 τέγγε
1660 590 1919 662 πνεύμονα

187 670 380 740 Γοῖνῳ,
432 673 577 740 quod
627 675 799 728 edidit
841 673 1048 728 Blomf.
1134 672 1308 744 Apud
1359 674 1510 728 Suid.
1562 698 1614 732 v.
1661 682 1800 752 τέγγε
1840 693 1919 737 est

186 758 306 827 οἴνῳ
342 754 597 826 πνεύμονα
633 764 800 832 τέγγε,
854 760 1006 830 φίλης
1045 758 1098 813 δ’
1135 759 1326 829 ἀπέχου
1366 765 1693 834 Κυθερείης,
1744 768 1920 823 hexa-

183 856 363 899 meter
412 847 480 900 ad
528 848 724 902 Alcaei
771 846 1130 900 imitationem
1178 847 1369 900 factus.
1412 850 1526 906 vid.
1564 851 1746 925 Toup.
1792 857 1917 911 Em.

182 933 242 984 in
280 933 431 986 Suid.
464 936 536 987 II.
572 953 629 1006 p.
670 936 790 989 255.
825 931 1083 1001 πνεύμονα
1130 934 1480 990 scribendum
1515 957 1619 1010 pro
1659 940 1919 1010 πλεύμονα

182 1019 386 1074 Attice.
426 1041 478 1076 v.
514 1020 692 1074 Fisch.
733 1022 800 1074 ad
838 1022 1020 1077 Well.
1064 1039 1108 1076 1.
1147 1042 1199 1094 Ρ.
1245 1020 1361 1080 182.
1435 1025 1725 1082 -Nostrum
1764 1033 1918 1086 ordi-

181 1127 310 1160 nem
349 1117 531 1161 servat
579 1109 858 1164 Plutarch.
897 1110 1088 1183 Symp.
1125 1109 1260 1174 VII,
1302 1130 1347 1166 1.
1384 1131 1438 1184 p.
1478 1115 1600 1186 698.
1636 1116 1709 1168 A.
1749 1117 1915 1173 Tom.

179 1198 275 1247 III.
313 1214 366 1266 p.
394 1196 514 1266 872.
554 1196 636 1248 ed.
664 1197 856 1268 Wytt.
928 1198 1144 1250 Eodem
1179 1200 1420 1269 respexit
1457 1201 1601 1253 Plut.
1640 1203 1709 1256 de
1748 1205 1918 1261 Stolo.

181 1301 412 1353 repugn.
453 1303 504 1356 p.
545 1284 695 1356 1047.
729 1285 802 1339 D.
840 1285 948 1347 (T.
985 1285 1061 1340 V.
1102 1305 1156 1357 p.
1195 1286 1317 1357 269.
1357 1287 1440 1339 ed.
1477 1287 1704 1360 Wytt.)
1755 1297 1918 1347 καίτοι

179 1366 403 1424 Πλάτων
437 1371 528 1439 μὲν
567 1374 667 1442 ἔχει
703 1376 803 1426 τῶν
839 1376 1024 1442 ἰατρῶν
1071 1370 1189 1435 τοὺς
1222 1371 1578 1438 ἐνδοξοτάτους
1612 1384 1918 1451 μαρτυροῦν-

179 1477 269 1518 τας
307 1485 373 1496 -
410 1487 481 1497 -
519 1461 604 1512 καὶ
651 1463 751 1514 τῶν
785 1464 1012 1530 ποιητῶν
1056 1459 1369 1531 Εὐριπίδην,
1420 1460 1684 1530 Ἀλκαῖον,
1735 1465 1918 1522 Εὔπο-

179 1541 287 1607 λιν,
313 1543 725 1615 Ἐρατοσθένην,
763 1545 996 1617 λέγοντας
1031 1544 1111 1602 ὅτι
1149 1544 1207 1601 τὸ
1247 1545 1410 1603 ποτὸν
1445 1548 1528 1603 διὰ
1562 1555 1655 1605 τοῦ
1692 1551 1920 1622 πνεύμο-

179 1648 262 1690 νος
312 1630 530 1694 διέξεισι.
583 1661 648 1670 -
715 1631 899 1701 ἄστρον
953 1634 1184 1707 proprie
1246 1653 1361 1687 esse
1412 1636 1561 1690 sidus
1623 1640 1918 1709 caniculae,

179 1720 397 1772 monuit
442 1717 595 1784 Iani,
661 1728 787 1789 apte
836 1737 1160 1792 comparans
1209 1720 1463 1792 Theogn.
1520 1727 1675 1780 1052.
1724 1730 1918 1797 (1005.

178 1807 308 1870 Br.)
358 1803 568 1873 ἄφρονες
601 1800 874 1872 ἄνθρωποι
910 1807 995 1858 καὶ
1038 1801 1240 1871 νήπιοι,
1296 1813 1474 1870 οἵτινες
1518 1811 1652 1865 οἶνον
1684 1812 1785 1883 Im]
1825 1819 1916 1869 πί..

176 1893 346 1958 νουσ’,
407 1891 595 1962 ἄστρου
639 1893 724 1945 καὶ
763 1888 908 1952 κυνὸς
949 1888 1241 1959 ἀρχομένου.
1294 1912 1344 1946 v.
1389 1895 1704 1969 H.'Steph.
1745 1901 1914 1956 Thes.

177 1980 245 2033 L.
284 2000 364 2051 gr.
405 1981 474 2035 T.
513 1981 555 2032 Ι.
595 2000 649 2052 Ρ.
686 1980 806 2051 595.
845 1980 907 2032 B.
978 1977 1190 2032 Athen.
1228 1979 1269 2031 Ι.
1308 1999 1363 2052 Ρ.
1399 1998 1488 2034 22.
1527 1983 1688 2037 affert
1722 1986 1916 2060 Eupo-2„

178 2068 304 2121 lidis
340 2069 555 2120 locum:
607 2062 840 2125 Εὔπολίς
878 2085 932 2117 τε
968 2061 1056 2117 τᾶν
1089 2064 1325 2120 Καλλίαν
1356 2071 1511 2138 φησὶν
1546 2068 1917 2141 ἀναγκάζεσθαι

176 2152 278 2209 ὖπὸ
319 2152 659 2223 Πρωταγόρου
695 2157 874 2216 πίνειν,
907 2156 991 2204 ἵνα
1036 2150 1154 2220 πρὸ
1191 2158 1305 2207 τοῦ
1354 2154 1546 2219 κυνὸς
1580 2157 1686 2211 τὸν
1722 2160 1917 2217 πλεύ-

178 2239 327 2309 μον’
372 2239 649 2293 ἔκλυτον
698 2244 880 2311 φορῇ.
954 2238 1143 2290 Ursin.
1185 2253 1468 2313 comparat
1504 2245 1700 2299 Horat.
1743 2266 1914 2306 carm.

177 2327 270 2389 ΙΠ,
311 2345 395 2396 29,
435 2328 512 2381 18.
581 2332 694 2378 iam
731 2331 974 2392 Procyon
997 2330 1178 2394 furit,
1227 2341 1277 2378 et
1311 2333 1467 2380 stella
1503 2340 1693 2384 vesani
1729 2339 1912 2399 leonis,

180 2419 298 2467 Sole
355 2418 468 2465 dies
529 2418 792 2482 referente
844 2418 1025 2464 sic-003.
1133 2413 1220 2467 Cf.
1271 2415 1440 2487 epigr.
1500 2419 1606 2474 inc,
1653 2431 1791 2474 auct.
1851 2424 1911 2478 in

180 2502 422 2559 fflunck.
473 2501 640 2555 Anal.
687 2502 758 2553 T.
794 2499 897 2553 IV.
928 2520 984 2572 Ρ.
1028 2519 1142 2569 171.
1183 2502 1267 2556 ed.
1304 2503 1508 2556 Iacob&
1546 2535 1615 2546 —-
1659 2504 1823 2562 πάντα
1857 2509 1914 2564 δὲ

93 2624 107 2634 t
179 2588 327 2660 διψᾷ.
379 2589 514 2642 Cod.
557 2589 630 2642 A.
682 2587 739 2641 δὲ
786 2587 975 2655 διψαις.
1022 2588 1106 2639 ed.
1147 2587 1295 2643 Ven.
1348 2611 1406 2641 π.
1454 2591 1713 2663 δέδιψαις,
1764 2597 1913 2650 unde

178 2675 415 2729 feliciter
455 2676 597 2727 eruit
622 2675 855 2727 Porsoni
887 2676 1174 2745 sagacitas,
1209 2673 1375 2729 πάντα
1410 2677 1465 2730 δὲ
1501 2679 1683 2749 διψᾶσ’
1725 2680 1826 2736 ὕπὸ
1863 2705 1908 2737 κ.

176 2762 419 2818 AdverS.
456 2782 509 2833 Ρ.
545 2761 631 2834 49.
672 2763 786 2817 118.
827 2763 910 2815 ed.
952 2762 1107 2814 Cant.
1191 2763 1282 2815 Sic
1319 2783 1486 2835 supra
1520 2766 1699 2836 χαλᾶσι
1735 2767 1787 2822 δ’
1818 2768 1911 2839 ἄγ-

174 2869 333 2920 κυραι.
421 2848 746 2902 Athenaeus
779 2847 820 2900 Ι.
857 2870 909 2922 Ρ.
936 2866 1020 2904 22.
1055 2850 1151 2904 ubi
1187 2850 1287 2904 hos
1312 2852 1509 2907 Alcaei
1540 2873 1731 2908 versus
1765 2865 1911 2910 attu-

179 2938 260 3004 lit,
299 2936 476 2991 addit:
513 2938 597 2990 καὶ
628 2935 876 3007 ἀλλαχοῦ·

464 3028 719 3092 πίνωμεν·
765 3022 823 3078 τὸ
858 3023 948 3095 γὰρ
983 3022 1167 3097 ἄστρον
1199 3025 1562 3096 περιτέλλεται.

179 3109 407 3166 Proclus
452 3113 521 3166 ad
578 3112 806 3166 Hesiod.
857 3114 894 3167 l.
943 3133 989 3166 c.
1035 3114 1286 3186 superius
1332 3116 1527 3172 Alcaei
1574 3116 1644 3173 fr.
1695 3121 1906 3174 duobus

180 3199 427 3252 versibus
467 3209 690 3253 auctum
738 3199 999 3254 exhibet:
1061 3206 1270 3255 τοιαῦτα
1317 3203 1374 3256 ῦὲ
1420 3206 1505 3260 καὶ
1552 3204 1641 3262 τὸν
1675 3207 1906 3262 Ἀλκαῖον

182 3280 348 3355 ᾄδειν·
385 3287 501 3358 οἴνῳ
536 3285 793 3355 πνεύμονα
826 3292 991 3357 τέγγε·
1037 3287 1096 3342 τὸ
1129 3289 1217 3360 γιὶρ
1251 3289 1436 3363 ἄστρον
1467 3292 1833 3364 περιτέλλεται,
1868 3292 1901 3349 ἆ

182 3370 244 3424 δ’
273 3367 381 3445 ω’ρα
409 3373 618 3445 χαλεπά.
661 3375 774 3448 ἇχεῖ
812 3375 862 3430 δ’
894 3378 953 3430 ἐκ
986 3373 1216 3432 πετάλων
1250 3377 1370 3435 τάδε
1413 3379 1476 3434 ἂν
1512 3379 1707 3445 τέττιξ,
1742 3379 1901 3436 ἀνθεῖ
